2654 4612
120 257 160 316 62
582 256 724 311 Laeuus,

69 444 98 497 'ta
119 434 246 496 Tantum
268 444 365 497 autem
387 435 494 514 cuique
517 433 717 508 mouendum,
739 433 870 513 primum
892 442 1043 512 quantum
1068 434 1136 513 ipse
1155 435 1192 496 ef·

119 521 208 582 ficere
229 520 340 601 possis;
368 520 475 581 deindo
504 520 592 581 ctiam
615 529 760 599 quantum
782 519 841 595 ille,
864 538 952 598 quem
975 519 1087 600 diligas
1109 528 1192 600 atque

120 605 246 679 adiuves,
269 606 425 668 sustinere.
468 607 535 667 Non
558 604 637 667 euim
661 624 759 685 neque
781 612 814 667 tu
835 605 940 684 possis,
967 605 1109 684 quamvis
1132 606 1193 667 licet

119 691 252 766 excellas,
281 710 384 753 omnes
412 699 479 753 tuos
506 692 542 753 ad
570 691 700 752 honores
727 690 924 769 amplissimos
949 690 1139 771 perducere:
1165 701 1193 752 ut

119 776 218 856 Scipio
240 777 273 836 P.
289 777 440 857 Rupilium
461 777 557 856 potuit
578 776 732 837 consulem
755 777 881 849 efficere,
903 777 1027 837 fratrom
1053 777 1121 839 eius
1140 776 1192 838 Lu·

121 862 200 923 oium
221 881 283 923 nou
311 862 417 941 potuit.
461 862 548 933 Quod
575 862 600 924 si
628 862 715 922 etiam
741 861 838 941 possis
866 861 980 940 quidvis
1008 862 1136 923 deferre
1162 862 1192 922 ad

71 957 100 1008 u
122 947 258 1019 alterum,
281 946 439 1008 videndum
455 956 609 1008 esttamen
626 947 696 1025 quid
711 946 759 1007 illc
781 947 875 1026 possit
888 946 1051 1009 sustinere.
1091 947 1191 1009 Omni·

121 1050 161 1094 no
191 1032 334 1093 amicitiae
363 1031 561 1094 corroboratis
589 1032 647 1093 iam
672 1032 912 1111 confirmatisque
940 1040 971 1092 et
999 1032 1139 1113 ingeniis
1166 1041 1191 1094 et

120 1117 265 1181 aetatibus
286 1117 460 1179 iudicandae
481 1126 566 1193 sunt,
593 1136 650 1178 nec
676 1117 700 1178 si
731 1117 782 1195 qui
803 1117 926 1179 ineunte
948 1125 1046 1179 aetate
1068 1119 1191 1180 venandi

120 1212 171 1266 aut
191 1203 269 1282 pilac
290 1202 412 1264 studiosi
432 1205 567 1275 fuerunt,
596 1222 647 1264 cos
668 1200 779 1264 habere
800 1203 998 1277 necessarios,
1030 1222 1112 1283 quos
1134 1214 1189 1266 tum

120 1288 224 1349 eodem
245 1287 342 1349 studio
364 1289 513 1367 praeditos
535 1288 709 1349 dilexerunt.
751 1287 811 1349 isto
839 1288 918 1349 enim
945 1289 1037 1350 modo
1062 1289 1189 1350 nutrices

120 1382 151 1434 et
171 1373 331 1453 paedagogi
352 1373 417 1435 iure
443 1374 594 1436 vetustatis
620 1373 781 1454 plurimum
808 1372 1034 1435 benevolentiae
1061 1375 1189 1455 postula·

118 1457 208 1521 buut:
231 1459 282 1537 qui
297 1459 472 1538 neglegendi
487 1459 606 1538 quidem
621 1478 682 1520 uon
698 1467 780 1534 suut,
802 1457 854 1520 sed
868 1459 924 1519 alio
939 1461 1076 1537 quodam
1096 1461 1187 1522 modo.

119 1544 211 1606 Aliter
225 1543 367 1605 amicitiae
382 1543 502 1607 stabiles
515 1561 691 1625 permanere
706 1562 768 1605 nou
783 1554 918 1624 possunt.
954 1544 1101 1624 Dispares
1116 1546 1187 1607 cuim

120 1648 217 1691 mores
230 1629 357 1709 disparia
371 1631 468 1692 studia
482 1639 659 1709 sequuntur,
681 1648 809 1709 quorum
829 1629 1037 1692 dissimilitudo
1056 1631 1187 1693 dissociat

154 1763 195 1814 λθ.
215 1766 344 1828 quantum
354 1763 400 1814 ille
414 1762 554 1832 Syllepsis:
573 1763 625 1830 vgl.
712 1764 774 1813 iare
785 1765 906 1829 vermtge
920 1758 1186 1834 des‘Rechtsauspru·

119 1829 161 1884 IX.
180 1832 213 1882 30
230 1830 352 1896 saciego.
678 1821 752 1882 ches'
768 1830 813 1882 des
830 1829 924 1884 Alters.

153 1897 216 1950 Nou
233 1900 304 1949 enim
320 1914 406 1964 neque
420 1904 449 1950 tu
465 1903 550 1966 poesis
566 1900 627 1953 lisst
711 1899 866 1964 plurimum,
883 1900 1054 1953 verschiedeu
1071 1916 1123 1955 von
1139 1903 1185 1967 pu

120 1969 247 2018 erwarten
256 1982 340 2032 neque
349 1968 418 2018 atter
429 1969 535 2034 quidvis
541 1971 629 2034 possit
677 1982 798 2033 mamque,
813 1967 854 2020 ein
864 1968 922 2020 sehr
931 1967 1112 2023 bedeuteudes
1120 1969 1185 2023 Mais.

119 2037 257 2098 metuere,
274 2049 330 2087 was
342 2035 403 2088 aber
415 2036 479 2088 nach
492 2036 551 2088 dem
562 2037 629 2089 Zwi·
708 2035 887 2101 postulabunt
897 2029 1031 2090 ‘wurdeu'
1050 2037 1185 2106 beanspm·

120 2102 270 2155 schensatae
296 2103 323 2154 iu
350 2103 432 2156 dieser
455 2104 531 2156 Form
556 2105 628 2157 nicht
679 2102 866 2158 chen:V.18.

119 2170 193 2237 folgt
222 2169 272 2223 Das
284 2187 369 2239 neque
379 2172 414 2224 ist
426 2172 481 2224 also
489 2175 627 2238 particula
711 2171 758 2223 red
774 2173 828 2223 atio
844 2172 959 2238 quodam
969 2173 1061 2240 modo,
1079 2175 1184 2227 nimlich

118 2239 243 2305 pendens,
262 2240 313 2292 wie
331 2240 377 2293 das
393 2240 458 2293 xvl.
471 2245 502 2294 57
521 2242 628 2310 hespro·
678 2257 732 2292 noo
741 2245 805 2291 eant
813 2241 978 2306 neglegendi.
1004 2240 1136 2295 mcxxi.
1148 2245 1183 2296 λλ.

119 2308 200 2360 chene
217 2307 282 2360 Nee.
681 2312 706 2360 1:
724 2307 816 2374 Neque
827 2310 983 2376 Hispaniam
994 2312 1183 2376 neglegendam

20 2384 22 2390 '
153 2377 218 2428 lieet
238 2376 381 2429 immerhin.
415 2376 450 2430 So
475 2377 544 2430 steht
562 2377 627 2430 auch
677 2382 766 2441 ratus,
793 2381 874 2443 atque
896 2378 927 2428 id
949 2394 980 2429 eo
1003 2380 1081 2430 haud
1103 2383 1183 2431 nunus

119 2445 197 2496 uelim
209 2443 241 2497 de
251 2444 291 2498 Or.
301 2445 339 2497 111.
349 2447 390 2498 26.
402 2448 462 2499 101:
475 2462 628 2512 quanquam
678 2446 764 2507 (uaml.
776 2461 831 2496 aaa
843 2446 1036 2511 neglegendam
1049 2451 1122 2512 esse).
1144 2446 1180 2500 tv,

118 2515 155 2564 stt
174 2513 253 2564 aelim
277 2516 385 2580 erebra,
408 2529 485 2566 weun
507 2515 545 2566 sie
562 2515 627 2567 euch
679 2514 721 2566 29.
738 2515 768 2566 6:
791 2513 848 2565 Nec
870 2514 933 2565 libet
954 2515 1064 2566 cedere
1085 2521 1113 2567 et
1128 2518 1183 2568 teet

119 2580 252 2634 immerhin
268 2580 356 2648 hiufig
373 2581 428 2634 sein
445 2598 512 2649 mag.
678 2581 764 2646 (nimi.
779 2598 833 2633 uon
847 2582 962 2645 eredere)
979 2586 1011 2632 ia
1027 2588 1116 2636 oarte'e
1132 2587 1182 2648 opt·

153 2651 181 2703 P.
203 2649 350 2715 Rupilium.
391 2649 466 2703 Seiae
485 2650 560 2703 Wahl
582 2651 626 2704 be·
677 2652 810 2701 trionibus.
845 2648 917 2701 Hom.
934 2650 962 2702 ΙΙ.
979 2649 1022 2703 tv,
1043 2654 1105 2705 127:
1124 2649 1181 2708 οὐδὲ

119 2717 305 2784 werksteiligte
318 2717 404 2784 Scipio
417 2717 458 2771 tor
470 2718 516 2772 das
527 2719 552 2772 J.
564 2723 625 2776 132:
678 2715 778 2782 σέθεν,
802 2716 947 2784 Μενέλαε,
969 2721 1037 2774 θεοὶ
1059 2715 1181 2793 μάκαρες

118 2785 160 2838 xl.
179 2788 219 2837 37.
329 2844 338 2867 (
472 2807 507 2868 ·‚
677 2781 850 2850 λελάθοντο,
869 2779 1022 2854 ἀθάνατοι,
1040 2784 1180 2872 πρώτηθὲ

99 2873 104 2880 ’
152 2869 208 2904 aon
223 2854 313 2918 potuit
342 2853 403 2904 aher
423 2853 516 2906 nicht:
536 2852 565 2906 V.
585 2858 625 2907 19.
677 2848 749 2918 Διὸς
822 2849 894 2925 drap
911 2847 1126 2926 oiyeielpmaml.
1143 2854 1181 2912 od

154 2919 260 2982 deferre
276 2920 415 2982 verleiheu‚
433 2922 625 2973 wienutinere
677 2926 730 2978 θεν
747 2914 781 2978 οὐ
829 2917 956 2988 λάθετο).
991 2925 1019 2976 lu
1037 2923 1088 2978 den
1105 2924 1180 2978 Haud·

119 2989 167 3042 mit
183 2987 343 3040 bestimmter
359 2987 507 3056 Beziehung
523 2990 569 3041 aui
585 2990 626 3043 die
677 2991 799 3043 schritten
811 2991 881 3043 steht
900 2992 985 3044 hinter
1001 2993 1057 3045 alio
1073 2995 1180 3060 quodam

119 3059 233 3109 tonores
250 3060 277 3107 et
291 3060 476 3122 magistratus.
676 3058 754 3111 modo
764 3059 831 3110 noch
840 3063 889 3111 eat:
901 3059 1034 3113 vielleicht
1042 3076 1093 3114 rou
1105 3063 1180 3115 ciuem

155 3128 194 3178 74.
208 3127 459 3177 corroborationum.
485 3123 529 3176 Bis
540 3124 625 3189 dehic,
677 3125 1181 3194 Abschreiberheriuhreud,welcherda·

119 3195 199 3246 meint
216 3192 315 3257 iilius,
338 3195 406 3246 muts
429 3208 488 3245 men
506 3193 562 3245 sein
578 3192 625 3244 Ur·
677 3195 724 3246 mit
739 3210 818 3261 sagea
829 3189 976 3261 wollte,‘es
987 3196 1180 3252 findetauieine

119 3262 173 3329 teil,
185 3263 219 3315 ob
231 3263 288 3314 eine
299 3260 482 3315 Freundschatt
493 3260 626 3314 stattflnde
676 3277 741 3329 gana
751 3262 934 3317 andereWeise
943 3257 1019 3318 statt’
1028 3266 1180 3332 (diesesnoa

54 3375 59 3388 .
120 3330 182 3384 oder
200 3325 489 3399 rdcffss'suspeumeren.
675 3332 833 3397 neglegere).

153 3401 360 3451 neeeoetatere
371 3401 542 3460 necessarios,
557 3399 627 3450 nim·
710 3400 799 3451 Aliter
815 3401 892 3452 weist
903 3401 949 3453 aus
959 3399 1008 3453 den
1020 3401 1124 3470 Aniaug
1140 3402 1181 3454 des

120 3469 171 3520 lich
189 3469 329 3520 iudicandi
345 3473 409 3519 mat
424 3469 489 3529 (was
501 3482 532 3517 zu
544 3469 569 3517 ei
580 3471 628 3533 qut
677 3468 693 3533 ξ
706 3467 809 3520 zurfick.
835 3468 869 3520 Es
878 3468 943 3520 wird
955 3485 1003 3521 nur
1015 3470 1058 3522 die
1068 3469 1182 3524 Wandal-

119 3537 234 3599 suerant
256 3551 302 3588 aus
324 3535 486 3587 iudicandae
508 3540 573 3585 eunt
595 3552 627 3587 zu
677 3536 778 3588 barkeit
796 3536 840 3589 der
854 3537 989 3589 tilschlich
1006 3553 1181 3606 angeuomme·

34 3654 41 3668 ,
120 3603 628 3668 eutnehmeu):undweretwainseiner
678 3619 728 3656 nen
736 3604 929 3670 Freuudschait,
941 3606 1011 3658 nicht
1020 3605 1066 3660 der
1075 3606 1181 3661 Freund·

1 3690 2 3698 ¹
118 3672 221 3738 Jugend
238 3673 296 3724 eine
308 3670 428 3723 Vorliebe
444 3671 570 3737 (Pession)
588 3672 628 3724 tur
677 3672 761 3724 scheit
779 3674 896 3740 eusicii,
919 3674 957 3726 als
979 3675 1181 3729 unausbleiblich

118 3740 186 3806 Jagd
197 3740 249 3793 und
260 3739 384 3807 Balispiel
401 3741 495 3806 gehabt
506 3741 558 3806 hat,
576 3756 627 3792 von
677 3744 783 3806 gesetzt.

119 3809 179 3861 dem
202 3808 259 3861 dart
280 3823 339 3860 man
357 3808 427 3860 nicht
443 3809 553 3863 mteileu
570 3809 626 3861 dass
710 3812 786 3874 sequi
802 3809 837 3861 ist
853 3809 993 3876 gleichsam
1010 3813 1053 3863 ire
1067 3829 1121 3878 qua
1138 3813 1182 3864 aa

121 3892 148 3928 er
165 3876 311 3942 diejeuigen
323 3891 355 3927 zu
367 3877 432 3930 nahe
444 3877 626 3932 verbundeuen
677 3881 741 3928 cant
755 3879 859 3929 studia:
878 3877 1019 3943 Ungleiche
1031 3879 1183 3935 Charaktere

120 3944 253 4001 Freuoden
270 3944 344 3997 habe.
676 3945 765 4012 tolgeu
776 3945 1099 4016 uugleichenNeigungcu.
1120 3949 1182 4015 Sub7
