2648 4606
527 276 669 332 LAELIUS.
1093 274 1134 345 33

60 450 121 512 mei
145 449 183 511 Μ.
205 448 324 511 Pacuvii
347 467 422 511 nova
444 449 555 511 fabula:
579 468 648 511 cunr
670 449 827 528 ignorante
846 466 917 528 rege
931 457 998 510 uter
1014 449 1134 511 Orestes

60 543 151 610 esset,
172 534 296 616 Pylades
319 534 452 597 Orestem
475 554 539 597 esse
561 554 593 596 se
615 534 735 610 diceret,
757 542 791 596 ut
811 552 867 614 pro
889 534 939 595 illo
960 544 1132 610 necaretur3

59 621 184 683 Orestes
213 628 328 694 autem,
359 620 397 681 ita
426 628 460 681 ut
487 628 564 695 erat,
599 620 736 682 Orestem
764 638 796 682 so
825 638 888 682 esse
916 621 1131 700 perseveraret!

59 707 181 768 Stantes
210 705 392 786 plaudebant
417 705 448 766 in
471 724 504 766 re
525 707 610 766 ficta:
638 705 708 784 quid
730 704 908 766 arbitramur
929 705 961 766 in
982 724 1050 766 vera
1072 708 1133 767 fac-

56 801 147 853 turos
174 789 287 852 fuisse?
329 790 427 852 Facile
455 791 602 853 indicabat
628 790 692 870 ipsa
720 797 823 851 natura
850 790 908 851 rim
938 809 1036 866 suam,
1065 810 1133 852 cum

59 877 201 938 homines
222 876 302 956 quod
324 876 423 937 facere
446 876 502 957 ipsi
525 896 586 937 non
609 882 741 955 possent,
763 875 792 936 id
814 883 894 936 recte
916 877 980 937 fieri
995 876 1027 937 in
1040 877 1132 938 altero

58 963 238 1023 iudicarent.
283 961 433 1023 Hactenus
460 961 532 1022 mihi
560 961 662 1022 videor
687 960 724 1021 de
750 960 876 1022 amicitia
899 960 970 1040 quid
991 962 1133 1023 sentirem

56 1047 195 1127 potuisse
223 1046 331 1109 dicere.
376 1047 407 1107 Si
438 1065 512 1126 quac
541 1055 693 1125 praeterea
720 1055 806 1118 sunt,
836 1047 924 1108 credo
946 1054 1045 1108 autem
1066 1066 1131 1109 esse

23 1206 28 1210 ¹
56 1133 168 1209 multa;
190 1130 288 1206 abiis,
310 1131 335 1194 si
351 1130 505 1205 videbitur,
527 1132 577 1210 qui
592 1132 647 1194 ista
662 1132 813 1210 disputant
829 1131 1002 1210 quaeritote.
1039 1133 1131 1194 Fan·
1154 1143 1182 1194 25

56 1237 150 1280 naus.
193 1217 254 1280 Nos
283 1235 353 1279 vero
381 1236 397 1278 a
419 1225 449 1278 te
471 1217 579 1297 potius.
623 1216 798 1295 Quanquam
814 1217 901 1277 etiam
916 1216 952 1278 ah
967 1217 1029 1280 istis
1044 1236 1130 1299 saepe

58 1302 204 1382 quaesivi,
234 1310 264 1363 et
292 1302 388 1364 audiri
414 1322 476 1364 non
499 1302 606 1364 invitus
628 1301 781 1382 equidem;
809 1302 860 1363 sed
883 1301 960 1363 aliud
984 1304 1130 1382 quoddam

56 1389 142 1450 filum
176 1388 317 1450 orationis
349 1396 426 1449 tuae.
470 1387 672 1449 Seanvnns.
716 1386 793 1447 Tum
823 1387 917 1466 magis
949 1387 978 1449 id
1007 1389 1128 1464 diceres,

57 1473 172 1549 Fanni,
200 1473 226 1535 si
253 1491 352 1553 nuper
378 1472 410 1534 in
437 1473 531 1535 hortis
559 1472 708 1553 Scipionis
736 1490 804 1534 cunr
832 1472 935 1534 estde
957 1475 1129 1554 republica

56 1559 239 1639 disputatum
260 1559 403 1620 affuisses.
446 1557 548 1630 Qualis
568 1566 632 1619 turn
653 1565 798 1638 patronus
812 1557 939 1619 iustitiae
954 1559 1010 1619 suit
1023 1569 1129 1622 contra

56 1651 225 1706 accuratam
246 1644 412 1706 orationem
426 1642 517 1705 Phili!
554 1643 728 1705 Fannrus.
772 1642 869 1704 Facile
885 1643 913 1705 id
930 1644 1049 1722 quidem
1063 1646 1127 1720 suit,

55 1729 197 1792 iustitiam
225 1729 383 1791 iustissimo
412 1728 475 1791 viro
497 1729 664 1790 defendere.
709 1729 910 1791 Scaevonn.
954 1728 1033 1800 Ouid
1054 1731 1127 1792 arni-

56 1812 182 1876 citiam?
223 1833 326 1877 nonne
348 1813 432 1875 facile
454 1814 496 1889 ei,
527 1813 578 1893 qui
600 1813 639 1875 oh
661 1831 725 1874 earn
747 1832 861 1876 summa
882 1815 940 1875 fide
962 1816 1126 1878 constantia

56 1900 228 1980 iustitiaque
249 1906 391 1962 servatam
412 1899 570 1961 maximam
592 1899 714 1980 gloriam
738 1898 870 1980 ceperit?

90 2049 128 2102 M.
150 2051 268 2104 Pacuuct'.
306 2049 341 2104 Μ.
365 2048 496 2104 Pskuvius
519 2066 565 2103 sus
616 2050 791 2117 gemfitlicher.
813 2049 872 2116 Vgl.
891 2050 1125 2106 censemualV.14.

55 2117 228 2184 Brundisium,
246 2119 304 2185 gch.
322 2121 372 2172 220
386 2134 412 2170 v.
425 2120 482 2172 Chr.
499 2122 564 2186 gest.
649 2123 721 2170 recte
737 2119 800 2182 ficui
817 2118 857 2170 hir
879 2118 920 2170 die
938 2119 1024 2172 rechte
1041 2120 1124 2172 Hand-

58 2189 123 2252 130,
144 2202 198 2239 war
221 2187 261 2239 ein
284 2187 495 2240 Schwestersohn
519 2187 565 2239 des
615 2187 772 2252 lungsweise
791 2187 967 2250 (verschieden
984 2204 1036 2239 von
1053 2193 1125 2239 recta

55 2254 154 2307 Ennius
171 2255 223 2308 und
240 2256 279 2307 als
302 2256 443 2322 trcgischer
459 2255 565 2308 Dichter
614 2254 727 2320 factum)
745 2254 881 2308 erkliirten.

54 2323 182 2375 herrihmt.
650 2323 688 2374 de
717 2325 875 2374 amicitia
898 2323 964 2388 quid
984 2326 1123 2374 sanarem:

89 2407 160 2456 rego.
194 2389 293 2453 Thoas,
323 2389 492 2443 Beherrscher
520 2389 565 2443 der
615 2391 1123 2456 ughzudcimmortalitutcani-

55 2458 203 2512 taurischen
223 2458 370 2522 Halbinsel,
392 2473 434 2510 wo
456 2458 498 2510 die
520 2474 565 2510 sn·
614 2475 742 2510 morum
759 2457 800 2512 IV.
820 2462 860 2511 14.

53 2525 362 2580 hammendenFremden
375 2525 509 2578 derDiana
522 2541 565 2593 ge-
649 2531 674 2578 ei
696 2527 829 2578 videbitur
858 2527 898 2578 h‘ar
927 2525 973 2578 das
1000 2526 1123 2580 deutsche

53 2596 142 2663 optent
160 2594 274 2647 wurden.
610 2586 699 2647 ‘wenn
716 2595 756 2648 ihr
773 2590 864 2646 meint’
884 2595 977 2647 hernht
993 2595 1038 2647 auf
1054 2597 1123 2648 dern-

90 2664 209 2714 Orcstem
226 2678 296 2713 carc
312 2677 339 2711 cc
356 2662 565 2714 diceret-Ore-
614 2664 704 2715 selben
729 2663 850 2727 Gesetae,
877 2662 927 2715 wie
953 2665 1067 2716 Faciam
1091 2671 1124 2716 ut

51 2737 122 2783 atem
133 2747 228 2782 cecato
237 2736 481 2796 perseveraret.
512 2730 563 2800 Py·
611 2736 706 2798 potero
724 2733 763 2797 (so
781 2737 828 2797 gut
849 2732 891 2783 ich
906 2731 984 2797 kann)
1007 2733 1069 2785 Cato
1087 2732 1122 2786 Μ.

52 2800 127 2852 ledes
145 2803 218 2865 sagt,
239 2799 282 2851 leh
299 2799 354 2850 bin
378 2798 424 2851 der
440 2799 562 2866 tragliche
612 2800 652 2852 ΙΙΙ.
666 2803 690 2853 7.

32 2867 171 2928 .Orestes;
196 2866 299 2919 Orestes
319 2867 391 2931 aher,
415 2868 466 2919 wie
490 2883 517 2919 er
534 2883 563 2921 es
648 2871 688 2922 25.
706 2866 763 2919 Nos
785 2883 847 2918 vcro
861 2858 953 2918 ‘Nein'
976 2867 1057 2920 lieber
1080 2869 1121 2921 bei

52 2935 173 2988 wirhlich
184 2934 225 3000 ist,
238 2934 371 2987 heharrt
383 2935 458 2988 dahei
470 2935 563 2989 daher
613 2934 660 3001 dir,
678 2936 789 2987 nimlich
806 2951 972 3001 quaeramus.
1002 2935 1060 3004 Vgl.
1081 2937 1121 2988 Tu

53 3003 158 3056 Orestes
175 3005 221 3068 sei,
239 3003 306 3055 ohne
324 3003 404 3057 durch
421 3004 463 3056 dic
475 3004 562 3057 Grots·
611 3020 675 3056 uero
691 3019 774 3071 perge
789 3003 831 3056 lx,
849 3006 892 3057 32.

52 3075 109 3124 mat
126 3071 173 3124 des
183 3070 313 3125 Freundes
323 3072 381 3126 sich
393 3072 443 3124 irre
454 3073 562 3125 machen
647 3072 725 3124 aliud
741 3073 882 3139 quoddam,
900 3072 961 3124 aher
974 3071 1049 3124 deine
1060 3071 1121 3124 Dar-

51 3156 85 3193 cn
102 3140 196 3193 lassen.
612 3140 818 3207 stellangsweise
834 3141 869 3192 ist
886 3140 953 3192 doch
964 3140 1021 3192 eine
1035 3133 1119 3205 ‘ganz'

63 3215 65 3221 '
87 3207 238 3260 Stantcs:
256 3222 286 3259 so
304 3208 375 3273 grets
390 3223 444 3260 war
461 3206 502 3260 die
514 3207 563 3260 Be·
612 3209 718 3261 andere:
736 3208 764 3261 Μ.
782 3211 807 3262 6.

52 3290 179 3343 wegung,
203 3274 245 3328 die
262 3275 421 3329 Teilnahme.
454 3275 562 3328 Phaedr.
646 3280 734 3343 magia
752 3277 819 3330 noch
835 3275 1071 3328 cuversichtlicher.

51 3343 83 3396 V.
96 3348 121 3399 7.
134 3346 166 3397 28
184 3344 217 3395 Iu
229 3345 344 3410 pausus
361 3349 562 3396 consurrectum
646 3349 778 3411 patronus
793 3343 905 3397 Anwalt.
941 3342 1029 3396 Philus
1047 3344 1126 3395 hatte'
1185 3371 1236 3398 ’χ
1293 3356 1297 3371 ¹

51 3416 99 3465 cet.
611 3412 752 3481 hehanptet
777 3412 822 3465 der
845 3411 917 3464 Staat
939 3410 1025 3464 kdnne
1052 3411 1118 3463 ohne

86 3472 562 3532 arbitramur‘waswr'rrdensienicht
611 3479 837 3548 Ungerechtigkeit
857 3478 929 3532 nicht
944 3479 1038 3546 regiert
1054 3494 1119 3531 wer·
1215 3484 1219 3497 '
1291 3514 1296 3540 ,

51 3553 105 3601 erst
117 3548 159 3602 hei
171 3549 240 3601 einer
252 3549 357 3601 wahren
366 3547 560 3614 (Begebenheit)
610 3548 669 3601 den.

52 3616 147 3682 gethan
164 3610 275 3669 hahen!‘
310 3615 394 3668 Dutch
411 3614 496 3668 Verba
513 3615 559 3668 des
644 3619 777 3668 inutilium
793 3643 827 3654 —
844 3613 986 3676 defendere
1007 3613 1117 3682 Apposi-

52 3684 191 3750 Glauhens,
207 3684 333 3750 Meinens,
349 3682 477 3735 Urteilens
494 3684 559 3736 wird
610 3686 679 3739 tion:
697 3685 738 3736 die
750 3683 934 3749 Verteidigung
951 3683 996 3735 der
1008 3682 1117 3736 Gerech-

52 3767 82 3805 so
93 3753 141 3806 mit
153 3754 222 3806 einer
233 3753 363 3820 gewiesen
374 3751 502 3818 Emphase
518 3752 560 3804 die
612 3753 704 3820 tigkeit
721 3752 762 3803 h'ir
779 3752 828 3803 den
846 3751 997 3803 Gerechten.

52 3819 143 3886 Socho,
161 3821 199 3874 als
214 3837 246 3874 an
265 3819 407 3883 simliter,
425 3819 483 3871 dem
501 3821 560 3872 suh·
645 3821 716 3886 Quid
728 3822 887 3871 amicitiam:
904 3819 1015 3872 nimlich
1028 3820 1118 3884 defeu-

49 3888 168 3954 J'elatiren
181 3888 315 3941 Ennessen
332 3887 559 3955 anheimgegehen.
610 3890 680 3942 dere.
713 3888 763 3940 Der
773 3887 883 3954 Vortrag
895 3887 940 3940 des
951 3888 1037 3941 Lilius
1052 3891 1117 3943 uber

52 3957 227 4011 Arbitrantur
253 3956 293 4009 htr
324 3959 496 4021 arbitramini
526 3958 560 4011 ist
610 3958 652 4011 die
668 3955 852 4010 Frenndschaft
868 3956 903 4009 ist
921 3958 1115 4024 heuptsichlich

102 4040 201 4085 Laelius.
219 4041 239 4086 9.
249 4039 305 4084 hun.
412 4045 415 4054 “
897 4043 911 4092 3
