2654 4612
157 231 197 291 42
619 229 761 287 LAELIUS.

156 407 263 479 simus,
291 405 316 466 si
345 404 418 466 nibil
446 403 552 466 babeat
573 422 621 466 res
642 404 713 466 vitii.
757 403 815 466 Sed
838 402 987 484 loquimur
1008 402 1046 464 de
1069 401 1109 465 iis
1132 400 1230 463 amicis

157 492 208 573 qui
236 499 304 552 ante
333 491 433 552 oculos
460 499 546 565 stant,
576 509 651 571 quos
678 489 804 551 vidimus
825 498 876 550 aut
896 490 933 551 de
954 488 1063 569 quibus
1087 487 1230 548 memoria

158 577 339 657 accepimus,
366 595 441 656 quos
464 576 547 637 novit
567 577 624 637 vita
647 575 829 637 communis:
853 594 887 637 ex
910 574 967 636 hoc
990 591 1120 637 numero
1145 571 1229 635 nobis

158 662 290 742 exempla
319 663 462 724 sumenda
496 669 582 736 sunt,
612 669 642 722 et
668 679 771 722 eorum
799 660 917 740 quidem
946 660 1083 734 maxime,
1115 659 1169 739 qui
1198 656 1230 718 ad

106 759 135 810 39
156 748 327 828 sapientiam
350 748 484 829 proxime
506 747 660 808 accedunt.
703 746 844 808 Videmus
859 746 970 826 Papum
992 744 1158 806 Aemilium
1175 743 1231 805 Lu·

157 835 239 897 scino
256 833 428 895 familiarem
443 832 533 894 fuisse
548 833 602 910 (sic
617 851 633 894 a
648 832 782 912 patribus
796 831 985 912 accepimus),
1006 830 1052 892 bis
1073 849 1139 892 una
1159 848 1231 892 con·

156 920 243 993 sales,
274 919 400 999 collegas
423 918 453 978 in
478 935 620 992 censura;
648 927 711 978 tum
741 926 770 978 et
796 935 864 978 cum
886 917 921 977 iis
943 926 973 978 et
994 916 1073 977 inter
1096 934 1131 978 se
1158 934 1232 978 cou-

156 1004 355 1066 iunctissimos
377 1004 467 1065 inisse
487 1002 535 1064 Μ’.
552 1003 671 1065 Curium
687 1003 731 1064 Ti.
748 1001 967 1064 Coruncanium
983 1000 1147 1063 memoriae
1162 1019 1231 1082 pro

156 1091 250 1152 ditum
279 1098 332 1151 est.
376 1088 470 1168 Igitur
497 1107 535 1149 ne
556 1088 699 1168 suspicari
728 1088 847 1167 quidem
869 1105 1025 1169 possumus
1047 1104 1231 1166 quemquam

155 1177 263 1237 horum
292 1175 327 1236 ab
356 1174 449 1235 amico
480 1173 630 1254 quippiam
660 1173 864 1248 contendisse,
893 1173 973 1252 quod
1003 1181 1113 1234 contra
1144 1173 1231 1234 fidem

156 1269 261 1322 contra
289 1260 491 1322 iusiurandum
524 1269 628 1320 contra
654 1278 717 1320 rem
747 1259 894 1339 publicam
934 1267 1020 1320 esset.
1070 1258 1149 1320 Nam
1177 1259 1231 1319 hoc

156 1345 276 1425 quidem
304 1345 335 1406 in
363 1345 470 1407 talibus
497 1344 566 1406 viris
595 1344 666 1425 quid
696 1345 801 1406 attinet
829 1345 944 1421 dicere,
977 1344 1002 1406 si
1025 1344 1232 1406 contendisset

156 1432 381 1510 impetraturum
414 1451 475 1493 non
508 1430 613 1492 luisse:
647 1449 716 1492 cum
749 1430 790 1490 illi
817 1429 994 1492 sanctissimi
1023 1428 1078 1490 viri
1109 1429 1230 1500 fuerint,

157 1535 249 1596 aeque
272 1524 370 1578 autem
392 1518 474 1578 nefas
495 1517 532 1579 sit
546 1515 603 1577 tale
619 1515 730 1595 aliquid
745 1524 776 1577 et
789 1516 886 1577 facere
901 1524 1037 1596 rogatum
1053 1523 1082 1576 ct
1099 1512 1231 1595 rogare?

156 1603 194 1663 At
215 1621 283 1664 vero
307 1602 351 1663 Ti.
374 1602 539 1664 Gracchum
563 1601 766 1680 sequebantur
788 1601 818 1662 C.
843 1598 939 1662 Carbo
963 1599 994 1662 (l.
1017 1599 1099 1675 Cato,
1124 1612 1156 1662 et
1177 1600 1231 1662 mi·

157 1688 236 1749 nime
258 1696 330 1750 tuuc
352 1688 471 1766 quidem
494 1687 583 1748 Gaius
603 1688 703 1762 frater,
727 1705 809 1748 nunc
831 1686 909 1748 idem
931 1685 1103 1748 acerrimus.

103 1785 134 1835 to
239 1773 301 1834 llll.
344 1773 422 1835 llaec
455 1773 544 1852 igitur
576 1772 624 1834 lex
656 1773 686 1833 in
713 1772 839 1834 amicitia
867 1771 1032 1846 sauciatur,
1066 1779 1102 1832 ut
1131 1790 1228 1852 neque

154 1890 217 1942 lline
240 1888 423 1942 erleichternde
440 1888 602 1955 Umstellung
618 1888 664 1941 ist:
743 1886 1231 1954 impetraturumnonsnius:llllllll.

154 1963 179 2010 si
195 1960 286 2022 omncs,
303 1958 379 2008 nteit
718 1961 766 2010 102
784 1973 852 2023 prees
869 1960 1002 2008 castineto
1017 1973 1083 2008 non
1102 1961 1151 2009 ssd.

188 2030 236 2093 pot
252 2030 315 2077 onte
337 2026 427 2078 oculos
448 2030 512 2077 sont
529 2028 578 2078 etc.
617 2023 666 2076 Der
752 2025 778 2079 0.
790 2025 993 2090 eartocssata
1004 2030 1031 2076 at
1041 2023 1128 2077 Goirts
1135 2023 1230 2086 frater.

155 2093 228 2147 Kreis
252 2093 317 2146 wird
341 2094 486 2146 allmbhlicb
509 2094 598 2146 weiter
622 2109 666 2159 ge·
717 2093 746 2146 ll.
764 2093 880 2159 Papirius
898 2092 983 2146 Karbo
1002 2098 1052 2145 trat
1075 2093 1117 2145 als
1135 2091 1230 2146 Tribua

155 2178 249 2229 pogen:
273 2166 297 2216 1.
315 2162 356 2215 die
376 2164 422 2215 wir
439 2178 486 2214 vor
508 2177 556 2215 uns
578 2162 666 2227 seben,
717 2163 762 2215 des
773 2160 864 2215 Jahres
878 2165 925 2216 tat
939 2177 964 2217 v.
977 2161 1033 2214 Chr.
1046 2161 1095 2214 mit
1113 2160 1173 2214 dern
1186 2161 1229 2213 Ge·

155 2235 179 2285 2.
205 2232 247 2284 die
274 2232 321 2283 wir
347 2231 447 2285 konnen
475 2245 520 2284 aus
552 2231 666 2282 traherer
718 2230 924 2297 selavorscbloge
948 2230 1005 2294 aul,
1032 2227 1088 2281 (lais
1114 2229 1158 2283 die
1180 2228 1232 2282 Τή-

154 2300 279 2366 Autopsie
305 2299 367 2353 oder
391 2300 471 2353 durch
501 2299 667 2352 uberlielerte
717 2299 803 2351 bunen
812 2298 1022 2365 wiedergewiblt
1035 2297 1143 2351 werden
1154 2297 1230 2351 bono·

154 2368 333 2434 Nacbrichteu,
357 2372 380 2422 3.
400 2370 449 2422 wie
467 2370 505 2422 sie
523 2369 667 2435 uberhaupt
718 2373 808 2420 tenso
831 2366 870 2418 oft
892 2367 938 2419 das
955 2366 1025 2418 volti
1050 2366 1156 2420 wollte:
1180 2365 1228 2434 vgl.

154 2437 320 2490 vorkommeo
338 2439 374 2489 im
390 2437 484 2491 Leben.
716 2434 795 2490 XXV.
807 2437 849 2488 96.
884 2434 913 2487 K.
931 2433 997 2488 Kato
1015 2450 1069 2486 war
1087 2435 1130 2488 ein
1151 2433 1228 2488 llnlrel

188 2524 223 2558 se
249 2508 298 2558 boc
323 2523 433 2559 numero
451 2530 486 2552 =
503 2523 538 2557 ee
570 2507 667 2556 borum
717 2503 763 2556 des
787 2502 852 2555 Kato
874 2502 965 2568 Maior.
1010 2502 1074 2556 Dem
1097 2519 1155 2557 was
1181 2518 1227 2555 roo

152 2591 276 2627 numero:
294 2575 312 2629 l.
323 2577 348 2629 3.
716 2571 808 2624 beiden
832 2585 978 2624 zusammen
1003 2577 1145 2691 auspesagt
1167 2569 1226 2623 wird

189 2660 281 2695 sorem
293 2644 394 2696 solcher
406 2666 440 2688 =
452 2658 498 2695 aus
511 2642 568 2695 dem
579 2642 666 2695 lireise
717 2641 786 2693 steht
798 2639 837 2692 als
848 2639 1029 2707 Parallelglied
1064 2655 1093 2692 as
1106 2641 1171 2694 dher
1182 2640 1226 2693 dea

154 2711 234 2765 deret.
715 2707 795 2774 llajus
813 2707 942 2761 Gracchus
963 2711 1105 2775 entgegen,
1129 2723 1224 2762 vorsus

188 2781 261 2832 adso
280 2777 665 2842 isntiom‚d.h.demstoisehen
716 2777 782 2829 deno
801 2776 866 2843 folgt
886 2776 941 2829 dass
959 2776 1005 2829 das
1022 2781 1049 2826 st
1066 2775 1224 2844 heineswegs

153 2847 238 2900 ldeale
254 2796 300 2900 der
317 2847 449 2900 Weisbeit.
715 2844 767 2897 der·
778 2845 857 2912 Regel
874 2846 916 2898 bei
931 2845 1024 2914 Zumpt
1041 2845 1121 2912 §783
1139 2845 1224 2898 wider·

189 2918 229 2982 39.
251 2917 350 2981 Papum
371 2914 516 2965 Aemilium
540 2915 665 2967 Luscino.
716 2913 823 2966 streitet.

154 2983 184 3045 Q.
202 2983 310 3035 Amilius
327 2982 412 3049 Papus
429 2983 481 3034 und
494 2982 522 3034 ll.
534 2982 665 3035 Fabricius
748 2981 907 3033 aeneidem
928 2983 1076 3033 acerrimus
1099 2981 1146 3035 der
1164 2984 1224 3049 jetal

153 3052 277 3104 Luscinus
294 3049 335 3112 (V.
350 3053 391 3115 18)
409 3065 494 3102 waren
518 3065 664 3103 zusammen
715 3050 896 3116 im'Gegenteil
908 3048 953 3103 der
969 3049 1092 3116 beltigste
1109 3053 1154 3105 ist
1183 3051 1224 3102 lla·

154 3119 269 3172 lionsuln
288 3118 463 3172 astundam
480 3134 506 3171 v.
519 3119 585 3186 Chr,
602 3120 665 3172 Ceu·
715 3119 756 3171 hir
774 3119 844 3170 hatte
861 3133 919 3169 man
937 3133 1010 3169 nune
1027 3118 1097 3170 idem
1115 3122 1159 3172 osl
1174 3135 1224 3171 no·

155 3203 228 3242 seren
248 3191 305 3241 275.
713 3191 787 3240 etms
804 3187 866 3239 oder
883 3192 964 3239 etwas
976 3185 1079 3239 derhrt
1096 3193 1224 3247 erwartet;

188 3261 245 3308 bem
261 3256 332 3340 dieat
350 3255 394 3342 der
411 3254 580 3342 bulzahluog.
715 3256 776 3308 aber
789 3256 852 3320 jene
863 3253 998 3320 Wenduug
1014 3255 1103 3336 warde
1117 3255 1225 3310 dadurch

115 3323 665 3459 .,tatabtttdtttttntttltt
714 3322 1227 3461 ttttttn‘tblttttttlfttlttl:

154 3461 224 3513 toan
233 3461 281 3513 den
291 3476 389 3528 ganzen
399 3461 458 3515 Satz
469 3462 519 3528 ein,
532 3461 577 3513 das
587 3462 664 3513 uach-
714 3465 761 3511 tor
779 3459 850 3512 nicht
867 3460 966 3512 aulicis.

172 3529 663 3599 estelltebauptsaicblicheineinzelnes
747 3528 818 3580 idam
835 3528 884 3594 εἰς.
903 3527 941 3581 als
958 3527 1076 3581 desselbe
1088 3527 1168 3583 ldann
1185 3530 1227 3584 der

187 3602 235 3651 ort.
712 3596 768 3649 sich
785 3601 870 3649 zuerst
886 3611 916 3649 so
932 3610 996 3663 ganz
1015 3596 1107 3651 anders
1126 3600 1229 3668 gezeigt

188 3668 254 3733 quid
278 3669 375 3719 attinet
407 3667 495 3719 dicare
522 3668 580 3720 eine
605 3681 662 3733 sog.
713 3665 792 3718 batte.

155 3734 307 3804 Occupatio:
326 3752 385 3788 eom
403 3737 515 3788 betanus
526 3753 575 3788 nos
582 3752 663 3802 pree·
747 3733 797 3786 llll.
815 3736 857 3787 to.
875 3734 945 3785 Hace
963 3735 1050 3799 igther
1062 3734 1117 3788 len.
1139 3735 1230 3789 Ilieses

154 3808 235 3856 tertre
252 3810 300 3856 ent
322 3805 392 3857 rtolle
414 3806 503 3856 dicero
525 3805 568 3869 id,
592 3804 664 3870 quod
713 3800 815 3868 Gesetz,
833 3801 965 3855 oderllies
984 3803 1023 3854 als
1036 3801 1152 3857 Gesetzl
1171 3805 1230 3872 Vgl.

154 3877 218 3924 tune
237 3875 353 3925 mommo
377 3873 498 3926 dicimus.
537 3873 612 3926 huet.
630 3871 662 3923 ad
713 3868 763 3924 (len
774 3870 875 3937 Antang
887 3869 932 3923 des
950 3870 1090 3937 folgenden
1103 3871 1230 3943 Kapitels.

153 3941 414 3997 Herennwmaar.
746 3955 937 4005 nepus-nee.
966 3938 1013 3992 Die
1031 3939 1142 3994 hiscere
1155 3942 1232 3997 Foras
