2648 4606
597 252 741 307 LAELlUS.
1163 255 1203 315 39

133 429 183 491 ille
213 427 333 507 quidem
355 427 429 488 nihil
451 426 597 488 difficilius
620 446 684 489 esse
706 426 836 501 dicebat,
865 445 955 506 quam
977 426 1133 490 amicitiam
1157 448 1206 491 us-

132 532 192 592 que
221 513 257 575 ad
286 520 452 574 extremum
480 513 553 574 ritae
582 512 660 573 diem
688 531 878 592 permanere:
913 531 980 574 nam
1008 514 1053 574 vel
1081 523 1115 576 ut
1142 534 1204 576 nou
1250 572 1253 579 .

93 667 101 673 ,
131 599 213 661 idem
242 597 394 679 expediret
422 599 540 678 utrique
567 597 699 659 incidere
722 618 826 678 saepe,
856 597 955 659 velut
976 598 1012 660 de
1033 616 1067 660 re
1088 599 1205 680 publica

131 704 196 746 uon
230 683 307 746 idem
340 683 509 745 sentiretur.
552 683 660 744 Mutari
694 683 780 744 etiam
810 702 908 745 mores
937 684 1092 745 hominum
1117 704 1204 765 saepe

131 769 260 845 dicebat,
282 768 352 830 alios
374 769 502 831 adversis
524 768 613 831 rebus
635 769 705 829 alias
720 778 813 830 aetate
832 770 1065 848 ingravescente.
1108 772 1204 849 Atque

132 874 238 917 carum
252 873 353 916 rerum
369 855 536 934 exemplum
552 874 588 916 en
603 853 794 916 similitudine
807 853 940 934 capiebat
950 855 1081 916 ineuntis
1092 856 1203 931 aetatis,

133 940 216 1020 quod
238 939 345 1002 summi
367 958 528 1020 puerorum
555 958 670 1001 amores
692 959 779 1020 saepe
802 959 859 1001 unu
882 959 950 1001 cum
971 948 1121 1019 praetexta
1135 949 1204 1020 toga

130 1032 330 1106 ponerentur.
375 1026 427 1086 Sin
449 1033 548 1087 autem
570 1026 605 1087 ad
621 1025 849 1087 adulescentiam
863 1026 1083 1105 perduxisseut3
1106 1026 1203 1087 dirimi
1224 1037 1253 1090 31

131 1120 233 1172 tamen
256 1109 405 1172 interdum
427 1110 619 1172 contentione
640 1110 686 1170 vel
708 1111 827 1171 uxoriae
846 1111 1039 1185 condicionis,
1062 1111 1106 1172 vel
1122 1130 1202 1173 cour-

132 1196 215 1258 modi
236 1196 359 1258 alicuius
381 1197 460 1275 quod
481 1197 560 1257 idem
581 1195 701 1277 adipisci
728 1204 854 1275 uterque
880 1216 943 1258 non
965 1205 1074 1276 posset.
1117 1196 1203 1268 Quod

132 1281 159 1343 si
183 1281 234 1361 qui
255 1281 374 1360 longius
395 1282 426 1342 in
449 1282 575 1344 amicitia
597 1281 727 1361 provecti
750 1279 864 1356 essent,
891 1290 990 1342 tamen
1013 1301 1100 1361 saepe
1122 1282 1202 1342 lahe-

87 1392 91 1401 ’
131 1367 237 1428 iactari
265 1366 290 1429 si
317 1367 348 1427 in
378 1367 500 1429 honoris
527 1367 750 1429 contentionem
772 1366 961 1442 incidissent;
987 1374 1100 1447 pestem
1123 1367 1203 1428 enim

132 1453 246 1514 nullam
275 1452 418 1514 maiorem
446 1471 511 1514 esse
540 1452 688 1526 amicitiis,
720 1471 807 1531 quam
829 1452 860 1513 in
882 1452 1031 1533 plerisque
1058 1452 1203 1532 pecuniae

133 1537 334 1618 cupiditatem,
356 1538 387 1598 in
411 1537 529 1617 optimis
547 1537 713 1617 quibusque
728 1537 851 1599 honoris
873 1546 1022 1599 certamen
1039 1547 1068 1599 et
1082 1538 1202 1616 gloriae,

132 1641 171 1684 ex
195 1641 254 1703 quo
276 1623 443 1685 inimicitias
464 1623 606 1685 maximos
627 1642 715 1703 saepe
737 1623 814 1684 inter
836 1623 1026 1685 amicissimos
1049 1623 1201 1686 exstitisse.

132 1708 241 1789 Magna
269 1709 356 1770 etiam
384 1708 504 1770 discidia
532 1716 562 1770 et
588 1709 763 1790 plerumque
783 1707 865 1790 ¹iusta
887 1708 984 1784 nasci,
1007 1727 1075 1770 cum
1095 1709 1204 1787 aliquid
1224 1723 1253 1773 35

133 1794 171 1856 ab
199 1793 300 1856 amicis
328 1794 408 1874 quod
435 1803 549 1856 rectum
572 1814 632 1856 uon
656 1802 734 1856 essct
755 1794 967 1873 postularetur,
998 1796 1043 1874 (ut
1064 1803 1115 1856 aut
1136 1795 1201 1855 libi-

133 1960 644 2016 Freundedurchausderselbenhusicht
728 1964 859 2015 commodi
881 1963 1005 2016 alicuius.
1039 1962 1087 2015 lllit
1104 1966 1203 2030 aliquis

133 2046 264 2097 gewesen.
695 2032 759 2083 wind
772 2048 829 2084 vom
839 2030 1002 2084 Besondereu
1013 2031 1080 2097 (dem
1092 2032 1203 2086 Heirats-

168 2099 321 2165 expedites
338 2098 397 2151 hillt
408 2099 500 2153 herous
513 2098 574 2152 oder
585 2115 643 2152 vor·
694 2100 854 2166 vorschlage)
871 2100 898 2152 in
916 2100 961 2152 der
974 2099 1061 2152 Weise
1079 2101 1203 2154 zumdll-

134 2167 222 2232 wirte,
240 2167 274 2219 ist
291 2166 436 2220 idrderlich.
695 2169 829 2233 gemeinen
859 2169 910 2234 (ein
935 2167 1032 2221 Vorteil
1059 2168 1108 2220 den
1131 2169 1202 2220 nicht

167 2236 444 2289 inciderevoneinem
454 2235 643 2288 Zwischeniall.
694 2235 769 2288 beide
797 2236 913 2303 augleich
940 2237 1061 2304 erlangen
1089 2237 1201 2300 kdnnen)

166 2304 238 2356 alias
253 2305 374 2356 —alias
401 2305 477 2356 weist
500 2305 547 2356 aul
566 2321 644 2371 saepe
695 2304 907 2370 vorgesohritteu,
925 2303 981 2356 uass
999 2320 1027 2356 es
1044 2305 1086 2356 die
1103 2304 1202 2357 Beden-

132 2372 238 2426 zurirck.
694 2378 758 2438 tung
775 2388 827 2424 von
844 2373 914 2424 alius
932 2375 992 2438 quis
1009 2372 1099 2425 erhilt.

166 2443 354 2506 ingravescere
362 2439 521 2493 drdckeuder
530 2439 641 2494 werden.
727 2439 887 2502 labefactari
909 2444 934 2491 si
955 2441 1119 2493 incidissent.
1155 2440 1202 2493 Die

132 2510 169 2562 lru
187 2508 325 2576 folgenden
344 2509 407 2561 wird
425 2525 456 2561 an
469 2509 514 2560 der
525 2508 642 2561 llnabeu-
692 2508 819 2573 SubJelrte
837 2508 967 2561 wechseln
979 2509 1029 2561 wie
1045 2509 1081 2560 im
1099 2509 1202 2562 vorher-

130 2578 186 2631 seit
217 2578 317 2644 geaeigt
349 2593 403 2630 was
434 2577 558 2641 viellsch,
590 2576 642 2629 und
692 2576 839 2643 gehenden,
871 2577 932 2630 aber
964 2576 991 2628 in
1023 2577 1202 2644 umgellehrter

131 2645 290 2698 namentlich
311 2645 346 2697 im
370 2646 489 2712 spiteren
513 2646 586 2698 Alter
608 2660 641 2696 zu
692 2645 781 2712 Fulge.

131 2714 280 2782 geschehen
295 2714 388 2782 phoge.
725 2730 760 2764 es
778 2728 829 2779 quo
847 2715 980 2764 exstitisse
1001 2713 1087 2766 indem
1110 2713 1201 2767 damus

167 2785 210 2836 34.
229 2782 278 2835 Sin
296 2783 371 2835 weist
389 2781 444 2834 hier
456 2781 526 2834 nicht
538 2781 584 2833 aul
599 2781 641 2834 ein
692 2786 866 2848 entsprungen
884 2783 971 2834 wireu
987 2808 1021 2828 =
1038 2799 1101 2834 num
1119 2801 1154 2834 ex
1171 2801 1201 2834 eo

130 2849 355 2918 voraufgehendes
366 2853 399 2917 si,
416 2850 527 2902 sonderu
540 2850 585 2902 aui
595 2848 641 2901 das
692 2853 831 2903 eustitisse.
865 2851 911 2902 Eu
928 2867 980 2917 quo
997 2874 1031 2895 =
1049 2868 1103 2918 quu
1120 2869 1155 2904 esu
1172 2869 1203 2902 re

129 2917 282 2972 verecundie
309 2920 382 2985 quod
403 2918 507 2985 (ladem)
536 2917 640 2981 surdelt,
692 2920 753 2984 geht
778 2919 824 2971 aul
848 2918 897 2971 den
923 2934 1022 2986 ganzen
1049 2919 1201 2972 Gedauken:

130 2986 218 3040 woliir
235 2987 360 3040 cheulalls
374 2987 439 3040 auch
450 2989 476 3038 si
487 2985 548 3039 oder
558 2989 641 3053 siqui·
692 2988 765 3053 quod
786 2992 852 3038 esset
867 2990 897 3038 in
915 2989 1053 3055 plerisque
1071 2992 1202 3054 pecunius

131 3057 191 3108 dem
209 3055 301 3109 slehen
321 3055 427 3108 kunnu.
462 3054 497 3108 So
515 3054 589 3108 xvh.
608 3057 640 3107 63
692 3056 837 3122 cupiditas,
866 3059 896 3107 in
923 3059 1031 3122 optimis
1057 3060 1202 3124 quibusque

131 3124 177 3177 sui
192 3127 223 3176 iu
240 3140 340 3190 magau
357 3126 505 3192 (pecunia),
530 3124 641 3175 welches
692 3126 801 3176 honoris
819 3129 953 3176 certamen
970 3130 997 3175 et
1010 3127 1124 3190 glorius.

131 3207 153 3246 o.
166 3209 192 3245 w.
205 3208 228 3244 a.
243 3195 268 3243 εἰ
279 3192 366 3253 fuerit
376 3195 516 3260 proposito
533 3207 640 3258 magua,
726 3195 766 3245 35.
786 3193 900 3244 dissidia
917 3192 1109 3245 Zerwirrlnisse.

130 3260 185 3314 und
200 3260 267 3313 lllll.
279 3263 312 3314 78
329 3262 375 3314 aul
384 3278 418 3312 ne
429 3277 483 3327 quo
494 3263 641 3312 amicorum
725 3264 797 3311 iustu
806 3260 931 3313 natrirlielr
942 3260 1012 3312 nicht
1024 3262 1120 3313 seitens
1129 3260 1202 3313 deret

130 3329 248 3381 dissidia
264 3328 333 3392 fiunt
348 3355 382 3375 ==
398 3332 423 3380 si
440 3329 475 3394 (in
493 3329 550 3380 dem
563 3328 641 3382 Siune
691 3328 791 3381 welche
814 3334 895 3381 etwas
919 3327 1060 3380 Unrechtes
1083 3329 1201 3394 verlang-

129 3412 183 3450 ron
195 3400 242 3463 aa)
252 3401 357 3464 possint
367 3400 514 3450 amicorum
526 3398 639 3449 discidio
691 3401 743 3459 ten,
761 3397 872 3449 eundern
888 3395 955 3447 blois
967 3395 1040 3448 deret
1051 3395 1092 3448 die
1104 3412 1132 3448 es
1143 3412 1200 3448 ver-

130 3465 256 3518 deur'turi.
691 3466 842 3531 weigerteu3
865 3464 1023 3531 plerumque
1045 3464 1107 3516 aber
1129 3465 1200 3517 nicht

164 3535 203 3587 ud
213 3534 421 3586 adulescentium
435 3534 585 3586 bezeichuet
597 3550 640 3586 na·
690 3534 786 3598 immer,
800 3531 909 3585 sondern
920 3532 987 3584 blois
998 3531 1024 3583 in
1034 3532 1083 3584 den
1092 3532 1210 3584 meisten‘

130 3602 225 3656 tdrlich
243 3603 285 3655 die
296 3603 353 3655 Zeit
370 3603 435 3655 nach
448 3602 493 3655 der
504 3603 641 3669 hnlegung
691 3601 778 3653 Fdlleu
791 3599 1006 3666 gesechtlertigte,
1024 3599 1110 3652 soiern
1127 3600 1202 3652 aller-

129 3669 176 3724 der
193 3676 259 3737 toga
277 3673 375 3723 uirilis.
692 3668 766 3736 dings
783 3669 848 3720 nach
866 3667 940 3721 Xllll.
954 3670 985 3720 61
1004 3669 1044 3720 bis
1066 3684 1098 3720 zu
1116 3669 1201 3721 eiuem

161 3740 354 3807 perduxissent
364 3730 476 3806 ‘pueri’,
496 3739 589 3789 dirimi
601 3729 643 3789 ‘u-
691 3738 819 3805 gewissen
836 3736 937 3788 Punhte
956 3737 1001 3788 der
1018 3736 1202 3789 rreundschalt

129 3800 232 3862 mores’.
267 3808 304 3861 Zu
319 3810 478 3875 percussisse
488 3807 523 3859 ist
539 3823 643 3859 umores
692 3808 732 3858 ein
750 3804 936 3871 Zugestiuduis
958 3804 1076 3872 gemacht
1099 3805 1201 3860 werden

130 3893 162 3932 ru
179 3876 294 3942 denken,
317 3877 367 3929 wie
385 3876 447 3928 Galo
465 3874 500 3928 Μ.
518 3874 593 3929 llllll.
608 3878 640 3928 60
690 3873 753 3927 dari.

130 3949 192 4013 agri
208 3947 315 4000 colendi
328 3946 428 3998 studio.
725 3947 795 3994 ut-
805 3947 889 3994 essent
905 3941 1061 4011 Epexcgese.
