2648 4606
574 265 716 320 nunnus.
1140 267 1179 326 27

106 441 145 502 iis
172 449 302 520 ponatur
323 439 360 500 de
383 457 442 518 quo
465 439 619 519 disputent
641 442 772 520 quamvis
794 442 901 504 subito.
946 442 1085 520 Magnum
1108 462 1183 522 opus

108 535 169 599 est,
199 535 325 604 egetque
352 524 562 586 exercitatione
592 545 653 588 non
682 545 779 605 parva.
824 527 919 597 Quam
948 528 985 588 oh
1015 546 1078 588 rem
1108 545 1182 606 quae

107 611 251 690 disputari
279 610 315 670 de
344 610 470 672 amicitia
496 620 638 690 possunt,
666 612 702 672 ab
732 613 773 673 eis
796 630 904 674 censeo
927 613 1032 692 petatis
1055 613 1105 691 qui
1127 613 1181 675 ista

107 697 296 775 profitentur.
340 694 403 774 Ego
431 714 483 756 vos
512 696 624 757 hortari
653 705 769 757 tantum
799 715 938 775 possum,
968 705 1002 758 ut
1023 697 1181 759 amicitiam

72 820 74 824 ψ
105 781 249 844 ,omnibus
263 779 353 841 rebus
368 780 505 842 humanis
519 783 722 860 anteponatis3
739 782 813 842 nihil
828 791 872 843 est
887 783 965 843 enim
980 792 1039 842 tam
1055 790 1178 844 naturae

108 873 223 945 aptum,
245 875 305 927 tarn
328 866 509 927 conveniens
531 866 566 926 ad
588 885 637 928 res
652 867 698 928 vel
712 867 858 928 secundas
872 868 918 928 vel
934 869 1077 928 adversas.
1124 867 1182 929 Sed
1206 877 1234 930 18

107 953 166 1012 hec
196 951 325 1030 primum
357 951 469 1025 sentio,
493 950 549 1012 nisi
570 951 602 1012 in
624 951 711 1013 honis
734 952 890 1013 amicitiam
912 971 976 1014 esse
999 971 1061 1012 nnn
1084 971 1181 1032 posse.

106 1037 212 1114 Neque
235 1035 263 1096 id
286 1036 321 1096 ad
344 1036 440 1096 vivum
463 1054 575 1110 reseco,
598 1045 632 1097 ut
652 1037 693 1098 illi
711 1037 760 1116 qui
777 1037 850 1099 haec
865 1037 1003 1100 subtilius
1018 1037 1181 1099 disserunt:

107 1123 232 1182 fortasse
264 1139 348 1193 vere,
381 1121 432 1182 sed
461 1121 497 1181 ad
520 1139 708 1183 communem
730 1122 885 1184 utilitatem
906 1141 1022 1201 parum.
1067 1123 1182 1201 Negant

109 1207 189 1268 enim
220 1223 397 1284 quemquam
427 1225 491 1267 esse
519 1205 615 1266 virum
645 1207 758 1269 honum
781 1207 838 1269 nisi
861 1208 1032 1288 sapientem.
1078 1207 1121 1268 Sit
1143 1208 1182 1268 ita

107 1310 188 1353 sane.
233 1291 294 1352 Sed>
313 1309 379 1351 eam
401 1291 576 1371 sapientiam
597 1293 851 1372 interpretantur,
876 1311 963 1371 quarn
984 1293 1079 1354 adhuc
1101 1311 1182 1353 mcr-

106 1377 173 1438 talis
196 1395 284 1437 nemo
315 1384 359 1436 est
386 1385 580 1451 consecutum
608 1396 664 1439 nos
694 1387 791 1438 autem
819 1396 851 1438 ea
882 1395 956 1456 quae
979 1386 1050 1439 sunt
1071 1378 1102 1438 in
1126 1397 1182 1439 usu
1277 1382 1280 1386 ’

105 1462 223 1540 vitaque
252 1462 418 1536 communi,
447 1479 508 1522 non
533 1480 567 1523 ea
590 1481 664 1540 quae
686 1464 842 1542 finguntur
863 1471 913 1523 aut
935 1471 1075 1542 optantur
1097 1481 1182 1542 spec·

106 1556 170 1608 tare
192 1546 341 1608 dehemus.
385 1547 543 1625 Nunquam
564 1565 619 1626 ego
644 1547 737 1608 dicam
760 1547 791 1608 C.
813 1547 979 1608 Fabricium
995 1547 1042 1608 Μ’.
1059 1547 1181 1608 Curium

107 1695 211 1761 stand),
238 1696 345 1749 scudem
369 1695 542 1762 Philosophen
567 1697 618 1763 (die
668 1697 762 1749 ttrrlich
779 1712 827 1749 nur
843 1697 954 1750 irdische
973 1697 1051 1750 Griler
1068 1697 1182 1765 gemeint

104 1763 227 1831 Bildung)
245 1764 306 1817 oder
323 1763 428 1816 Minner
445 1763 489 1815 der
504 1764 620 1817 Wissen-
669 1765 732 1818 sein.

105 1831 191 1885 schait
208 1833 265 1884 sind
283 1833 402 1898 gemeint.
432 1832 555 1884 Weshalb
573 1833 619 1885 der
702 1835 773 1885 nihil
782 1838 822 1884 eat
833 1836 902 1884 enim
914 1833 965 1885 und
977 1835 1048 1885 nihil
1063 1837 1183 1884 animent

104 1899 244 1966 allerdings
270 1900 464 1967 philosophisch
490 1901 618 1966 gehildete
668 1916 751 1968 genan
761 1903 811 1954 wie
819 1902 976 1954 incredibile
985 1907 1025 1953 eet
1033 1904 1104 1952 enim
1114 1901 1180 1952 denn

104 1969 192 2020 Lilius
210 1983 237 2020 es
254 1970 325 2020 nicht
336 1968 408 2020 Wort
424 1969 506 2020 haben
519 1969 618 2022 willan
668 1984 696 2022 es
714 1971 748 2021 ist
764 1971 938 2037 unglaublich
954 1969 1007 2023 und
1024 1970 1180 2021 incredibile

105 2037 193 2088 diesen
203 2052 234 2088 zu
247 2037 368 2103 germen,
379 2037 430 2088 und
440 2052 483 2088 um
493 2037 618 2102 grclserer
668 2041 739 2089 enim
756 2044 795 2089 eet
812 2038 878 2091 deun
902 2039 1070 2104 unglauhlich
1087 2039 1121 2090 iel
1138 2053 1178 2090 es:

106 2104 249 2156 Sicherheit
268 2105 355 2157 willen
373 2106 437 2158 auch
450 2106 518 2157 noch
534 2122 617 2172 enque
668 2107 703 2157 im
721 2108 831 2158 zweiten
845 2107 914 2158 Falle
926 2107 990 2158 wird
1003 2106 1115 2158 scharim
1133 2104 1178 2158 das

106 2172 421 2240 Graecorumhinzulirgt
433 2173 616 2226 istleichtein·
664 2175 783 2227 einzelne
799 2175 873 2227 Wcrt
889 2174 989 2228 betont.
1019 2174 1105 2239 Vergl.
1117 2173 1179 2225 Non

104 2241 229 2302 zusehen;
256 2242 316 2294 aber
340 2257 372 2292 an
395 2243 517 2293 doctam
538 2242 616 2294 wolle
667 2245 739 2293 enim
763 2247 802 2293 eet
823 2244 976 2293 inhumana
992 2241 1057 2293 XlV.
1077 2245 1109 2294 50
1127 2239 1179 2292 und

104 2324 164 2360 man
178 2311 207 2373 J'a
225 2309 295 2361 nicht
313 2308 422 2362 denhen.
667 2311 802 2362 Inbecilla
819 2313 889 2361 enim
906 2315 946 2360 eat
962 2309 1037 2361 llllll.
1048 2312 1088 2362 63.

139 2393 221 2441 eaque
240 2377 410 2429 Graecorum.
447 2376 557 2428 Obwohl
575 2375 616 2428 die
703 2381 742 2431 18.
761 2379 821 2430 Sed.
847 2377 932 2429 Lalins
945 2377 1103 2429 unterhricht
1115 2375 1178 2440 sich,

101 2443 271 2510 ,Verbindung
305 2446 376 2497 eines
416 2444 616 2496 substantivisch
666 2462 710 2498 um
733 2461 780 2498 vor
802 2445 870 2497 allen
891 2444 990 2510 hingen
1013 2445 1054 2496 die
1072 2444 1179 2497 Ansicht

104 2513 278 2579 gebrauchten
300 2511 436 2577 Adjehtivs
462 2512 509 2563 mit
534 2512 618 2564 elnem
668 2513 887 2580 auszusprechen‚
920 2512 975 2564 dats
1001 2512 1042 2564 die
1068 2511 1179 2565 Frennd·

103 2581 201 2632 andern
223 2580 385 2644 AdJectivurn
410 2594 442 2630 au
467 2579 522 2630 sich
547 2580 618 2632 nicht
668 2581 955 2633 schaltnurinnerhalb
968 2580 1179 2633 desbeschranlr·

102 2647 254 2712 unmaglich
280 2648 315 2699 ist
338 2645 402 2714 (XV.
417 2650 450 2699 54
475 2649 619 2713 incipiente
668 2653 711 2701 ten
724 2649 825 2702 Kreises
843 2649 888 2702 der
902 2648 985 2701 Guten
1003 2649 1115 2716 meglich
1133 2649 1178 2701 sei.

99 2715 268 2780 fortunatcl:
303 2730 333 2768 so
367 2715 437 2767 kann
471 2715 537 2768 doch
565 2716 619 2767 hier
702 2720 733 2768 in
750 2720 837 2769 lanis:
855 2717 980 2770 xviiiaa
998 2721 1071 2769 inter
1089 2719 1178 2769 bonos.

105 2785 270 2837 Graecorum
286 2799 334 2836 nur
356 2782 557 2836 substantirisch
575 2798 618 2849 ge-
701 2785 794 2851 Neqna
811 2786 847 2838 id.
877 2785 943 2838 Wir:
971 2785 1043 2837 Doch
1060 2784 1114 2837 will
1137 2785 1180 2839 ich

104 2856 173 2905 setzt
188 2851 250 2905 sein.
285 2850 345 2904 Dies
362 2852 480 2918 verlangt
497 2852 542 2903 der
555 2850 618 2903 Sinn
669 2853 714 2905 (las
740 2854 812 2906 nicht
837 2854 883 2906 mit
910 2853 968 2906 dem
995 2854 1179 2907 Seciermesser

101 2919 617 2987 undverlangtdasaaqnemolhriman-
668 2922 795 2988 zerlegen.

102 2989 166 3040 dern
176 2987 246 3040 Falle
259 3005 402 3055 eorumque
414 2987 504 3041 slehen
513 2990 615 3040 murale.
667 3020 670 3026 ·
700 2990 743 3042 a'lli
758 2994 806 3056 qni
817 2993 881 3042 haec
895 2992 1021 3042 subtilius
1035 2992 1178 3054 discernant,

136 3060 169 3107 nt
186 3059 222 3107 iia
234 3061 356 3122 ponatur
372 3057 429 3109 dala
447 3057 485 3108 sie
501 3056 556 3108 sich
575 3056 617 3108 ein
667 3057 708 3110 die
728 3057 843 3111 Stoiher:
860 3058 912 3112 ll.7
932 3065 1073 3124 quaerunt.

105 3123 203 3176 Thema
221 3125 311 3177 stellen
329 3126 422 3178 lamen.
700 3125 900 3189 summovere:
918 3126 1002 3179 denke
1014 3128 1178 3190 disserentes,

127 3195 260 3259 'warnaria
268 3191 616 3259 cubitoaelbstaugeubliclr·
666 3195 738 3247 nicht
756 3196 892 3247 disserunt
908 3195 970 3247 eder
987 3209 1033 3260 gar
1054 3193 1178 3263 subtilius

104 3259 170 3325 lien,
196 3260 323 3314 allenialls
347 3278 393 3315 ana
415 3262 473 3314 dem
497 3260 616 3327 Slegreii.
666 3263 809 3315 dnsmnnt.

104 3327 252 3394 Sophisten.
668 3356 670 3361 >
702 3347 759 3382 eam
776 3345 907 3396 -qnam
925 3327 1086 3381 Attralrtion:
1113 3328 1178 3382 nach

140 3397 314 3462 disputari
338 3398 371 3447 de
388 3400 526 3449 ¹araaa'ein'a:
553 3396 615 3448 kun
667 3397 735 3451 ihrer
747 3398 889 3464 Erlrlairung
900 3397 935 3449 ist
947 3397 1034 3463 (wire)
1047 3396 1089 3448 die
1097 3395 1178 3448 Weis-

103 3464 197 3516 ¹verher
214 3467 245 3516 de
263 3467 420 3516 amicitia
443 3467 598 3531 disputaris.
668 3467 722 3519 heit
740 3459 839 3519 ‘etwas
862 3456 929 3516 was'
953 3463 1015 3516 oder
1033 3456 1092 3516 ‘ein
1109 3463 1179 3517 ldeal

139 3535 185 3598 qui
201 3537 253 3584 icta
269 3533 432 3599 profitentur
452 3532 617 3585 uerenuach
666 3527 796 3587 welches'.
1012 3547 1037 3553 ”

104 3599 160 3653 dies
177 3602 225 3667 ist,
249 3602 299 3667 eig.
317 3600 358 3652 (lie
377 3601 431 3653 sich
454 3617 486 3653 zu
511 3601 616 3653 eolchen
667 3618 670 3628 ·
701 3606 730 3653 in
747 3604 922 3666 munitaque
940 3600 1116 3651 commeantia
1135 3599 1179 3653 der

103 3667 292 3736 Erhrterungen
309 3668 361 3720 und
382 3668 522 3734 Vortragen
545 3669 616 3733 (iata)
667 3669 756 3723 Praxis
777 3670 824 3722 des
846 3667 1042 3734 gewchnlichen
1064 3668 1177 3722 hebens:

104 3736 251 3790 bekennen:
271 3737 321 3790 Vll.
332 3738 365 3789 24
377 3739 409 3789 ab
422 3739 465 3801 iis,
482 3739 507 3787 ei
517 3737 617 3807 videbi·
668 3739 709 3790 ein
722 3752 777 3803 sog.
790 3736 975 3855 Hendiadffoiq
991 3735 1048 3788 d.h.
1061 3737 1103 3789 ein
1115 3739 1179 3803 (mc-

106 3810 158 3869 tur,
177 3810 225 3871 qni
237 3810 294 3869 icta¹
304 3806 443 3871 disputant
459 3807 616 3870 quaeritate.
668 3804 898 3871 dificierterlssegri
927 3804 1006 3856 durch
1018 3804 1179 3872 zweillroor-

138 3877 217 3926 renna
230 3877 362 3926 humanis.
380 3872 464 3926 llamit
476 3872 578 3925 hanaen
589 3872 616 3925 in
668 3873 785 3937 dinierte)
803 3871 923 3939 Begriffe.

105 3939 321 4008 ‹lerVerhindung
333 3943 379 3995 mit
391 3943 561 4008 anteponatis
572 3956 617 3993 na·
702 3940 789 3992 dicam
808 3933 925 3995 ‘werde'
943 3941 1100 4010 hehaupten:
1124 3943 1178 4010 vgl.
