2648 4606
528 276 669 330 LAELIUS.
1091 279 1132 338 35

60 448 155 511 animi
178 467 247 510 cum
270 448 397 528 quodam
418 469 508 513 sensu
530 451 655 525 amandi,
678 469 767 531 quam
789 432 967 532 cogitatione
989 462 1132 533 quantum

58 535 110 598 illa
132 553 181 597 res
203 534 337 597 utilitatis
359 544 435 597 esset
448 535 593 597 habitura.
638 536 724 608 Quod
740 537 858 616 quidem
875 539 961 617 quale
976 539 1023 615 sit,
1045 541 1131 603 etiam

58 621 92 683 in
116 619 218 682 bestiis
239 621 415 699 quibusdam
437 622 626 684 animadverti
647 630 758 702 potest:
787 640 861 701 quae
883 643 918 684 en
940 643 972 687 se
993 633 1078 688 natos
1092 627 1132 688 ita

58 715 162 768 amant
188 705 224 766 ad
253 706 399 784 quoddam
428 716 545 788 tempus
574 714 603 768 et
630 708 666 768 ab
690 708 732 770 eis
753 708 792 770 ita
813 718 963 786 amantur,
992 718 1026 772 ut
1046 712 1131 774 facile

58 810 163 854 earum
190 810 296 854 sensus
323 800 471 873 appareat.
516 793 602 865 Quod
630 793 662 855 in
687 793 808 855 bomine
829 795 923 856 multo
946 803 990 858 est
1011 797 1130 858 eviden-

57 878 135 940 tius:
156 877 287 958 primum
309 897 345 939 er
367 897 401 938 ca
422 879 543 940 caritate
565 897 640 958 quae
663 885 708 941 est
729 879 808 940 inter
830 889 916 943 natos
937 889 967 942 et
981 891 1130 960 parentes,

58 981 138 1042 quae
168 962 264 1024 dirimi
294 963 351 1025 nisi
379 963 542 1026 detestabili
570 964 682 1026 scelere
704 983 767 1025 non
790 972 888 1045 potest
895 983 904 1040 ;
934 966 1039 1029 deinde
1061 986 1130 1029 cum

57 1047 164 1111 similis
193 1066 298 1110 sensus
327 1049 437 1112 exstitit
465 1049 572 1111 amoris
599 1049 624 1111 si
653 1049 781 1128 aliquem
810 1051 889 1112 nacti
915 1069 1017 1114 sumus
1046 1053 1130 1116 cuius

58 1153 131 1196 cum
151 1133 285 1196 moribus
307 1144 337 1195 et
358 1143 464 1198 natura
485 1153 694 1214 congruamus,
717 1135 795 1214 quod
817 1137 848 1197 in
872 1155 907 1196 eo
931 1138 1015 1216 quasi
1028 1137 1129 1200 lumen

58 1219 179 1299 aliquod
206 1219 362 1304 probitatis
391 1229 421 1282 et
447 1219 562 1282 virtutis
588 1221 759 1300 perspicere
784 1220 943 1282 videamur.
986 1223 1065 1285 Nihil
1087 1232 1132 1286 cst
1152 1235 1181 1287 28

58 1305 141 1366 enim
160 1304 268 1366 virtute
283 1306 446 1381 amabilius,
469 1306 543 1367 nihil
559 1306 639 1385 quod
653 1305 745 1384 magis
760 1306 867 1367 alliciat
881 1307 916 1367 ad
933 1307 1128 1388 diligendum:

58 1391 172 1470 quippe
199 1409 267 1451 cum
296 1400 419 1472 propter
443 1392 582 1453 virtutem
605 1400 635 1452 et
654 1391 831 1472 probitatem
853 1392 942 1453 etiam
964 1413 1028 1470 eos,
1055 1413 1130 1474 quos

57 1493 215 1554 nunquam
248 1476 384 1553 vidimus
418 1477 546 1557 quodam
578 1476 667 1538 modo
699 1476 862 1557 diligamus.
906 1477 980 1549 Quis
1007 1487 1052 1540 est
1079 1481 1130 1559 qui

57 1561 241 1623 uremidi
268 1561 318 1623 Μ’.
341 1562 421 1625 Curii
450 1583 512 1625 non
540 1581 608 1624 cum
637 1561 757 1624 caritate
786 1562 883 1642 aliqua
905 1562 1129 1627 benevolentiae

25 1730 27 1734 μ
56 1646 234 1708 memoriam
260 1656 401 1730 usurpet,
429 1667 505 1728 quos
534 1666 688 1728 nunquam
712 1645 840 1709 viderit?
877 1649 942 1728 quis
964 1658 1061 1712 autem
1084 1660 1130 1713 est

10 1793 13 1797 ·
93 1780 143 1832 illa
159 1797 203 1832 rer
220 1781 292 1834 nicht
309 1781 433 1850 gerudezu
453 1798 506 1835 von
523 1782 570 1835 der
620 1797 654 1832 erc
679 1781 763 1833 simili
784 1781 869 1847 (itlius
892 1784 1027 1850 cantatis)
1049 1800 1128 1837 centu

58 1848 259 1916 rreundsomtt,
277 1851 387 1904 sondern
405 1851 570 1918 allgemeiner
620 1853 727 1916 amoris,
745 1852 793 1916 pei
809 1853 915 1902 metim
931 1855 963 1904 ei.

56 1933 120 1970 vom
138 1915 281 1972 Schlielsen
298 1918 344 1972 des
359 1918 570 1973 Freundnchalts-
652 1920 794 1970 commoror
826 1920 943 1985 aliquem
974 1922 1042 1973 etwa
1069 1912 1128 1974 ‘das

57 1985 166 2039 burdes.
619 1986 702 2040 Gldclr
719 1986 791 2039 lubrt
807 1988 855 2040 mir
868 1987 1008 2052 J'emanden
1025 1980 1079 2043 zu’.

93 2053 172 2118 Quod
187 2054 292 2120 quidm
310 2045 380 2107 ‘Wie
401 2070 429 2108 ee
452 2055 508 2109 sich
525 2055 569 2108 da·
653 2071 834 2121 congruamus
858 2056 915 2108 eine
940 2072 960 2109 e.
979 2071 1003 2123 g.
1022 2072 1127 2124 compo-

57 2122 206 2175 mit—mit
222 2122 281 2175 dem
297 2139 351 2177 von
367 2123 414 2175 mir
426 2124 568 2192 bebaupte-
618 2125 909 2190 ratiocompendierio.
934 2123 1127 2178 Genauerwdre

57 2196 104 2243 ten
115 2191 274 2244 naturlichen
285 2191 567 2245 Freundscbaltstriebe
618 2199 772 2258 congr-ream
779 2197 872 2257 nostra,
882 2193 943 2244 aber
950 2193 1021 2246 nicht
1030 2194 1126 2247 beeser.

56 2289 92 2297 -
109 2254 229 2313 rerhalt',
269 2259 323 2312 Aul
345 2260 386 2313 ein
407 2262 567 2314 bestimmtes
652 2261 1127 2327 puerilemeneinleucbtendesllor-

56 2326 134 2380 Wort
150 2329 227 2382 weist
244 2327 328 2380 dieses
346 2330 418 2394 quod
435 2345 464 2383 so
482 2331 567 2396 menig
617 2329 680 2382 bild.

57 2396 97 2448 als
115 2396 164 2447 ille
181 2413 224 2448 rea
241 2395 346 2450 zurdck.
650 2399 800 2464 perspicere
821 2397 968 2448 videamur.
1002 2395 1050 2448 Um
1068 2413 1126 2450 ane-

92 2465 172 2529 Quod
193 2467 223 2515 in
240 2467 352 2517 bomine.
390 2463 480 2518 Dieses
496 2467 569 2531 quod
617 2465 764 2518 zudrdcken
786 2455 912 2517 ‘insulem
940 2464 989 2516 wir
1013 2465 1126 2519 namliclr

54 2532 126 2584 kann
144 2533 215 2585 nicht
232 2532 278 2584 aul
293 2531 436 2587 denlnbalt
448 2533 493 2585 des
504 2534 568 2586 lctz·
617 2535 683 2586 uach
704 2548 822 2586 unserem
845 2531 953 2585 Geldhle
974 2527 1125 2601 erkennen',

53 2604 100 2652 ten
115 2600 204 2652 Satzes
222 2601 306 2667 gehen
323 2603 406 2666 (sonet
420 2601 507 2654 wdrde
525 2602 566 2656 die
618 2604 712 2655 mdlste
735 2601 781 2654 das
801 2601 911 2653 Verbum
932 2605 1066 2668 perspicio
1088 2603 1124 2656 im

54 2669 137 2721 Liebe
150 2683 196 2719 aus
206 2666 336 2720 derLiebe
347 2668 496 2736 bewieeen)‚
508 2686 567 2724 eon·
616 2669 777 2736 Konjunktir
793 2670 897 2722 slehen:
914 2672 1068 2736 perspicere
1085 2674 1124 2722 ui-

56 2737 123 2790 dern
141 2751 189 2788 nur
206 2735 437 2803 gleichbedeutend
449 2738 504 2791 sein
521 2740 566 2792 mit
618 2740 728 2791 doemer
740 2739 774 2790 ist
785 2738 846 2790 aber
857 2752 904 2790 nur
917 2738 959 2791 ein
970 2738 1124 2792 modificier-

54 2805 116 2858 dem
134 2805 359 2871 vorhergehenden
376 2806 456 2873 quod.
616 2812 657 2860 tes
679 2806 905 2873 (vermeintlicbes)
921 2810 1124 2874 perspiciamus,

90 2890 127 2924 ee·
148 2890 179 2924 ca
206 2877 318 2925 caritate
341 2889 410 2940 puae
432 2879 472 2924 ert
487 2877 565 2930 inter.
616 2876 667 2928 wie
684 2877 711 2928 in
729 2875 786 2927 dem
799 2874 945 2928 bekannten
957 2877 1041 2928 rediit
1053 2879 1125 2944 quod

54 2941 115 2995 Man
132 2942 267 2994 ubersetze
280 2934 339 2994 ‘aus
352 2941 397 2994 der
408 2941 486 2995 Liebe
503 2944 566 2996 zwi-
616 2961 643 2995 ee
662 2945 772 2995 oblitum
784 2946 872 2995 nocero
886 2945 953 3011 quid
963 2945 1064 2997 diceret
1076 2945 1124 2999 aff.

55 3001 157 3063 schen'.
193 3008 228 3063 So
247 3010 354 3062 erkennt
373 3026 433 3063 man
449 3012 501 3064 wie
518 3012 563 3066 das
614 3013 632 3065 1.
644 3014 683 3066 13.
694 3015 727 3065 40
740 3012 786 3064 das
798 3030 826 3064 se
839 3013 952 3064 oblitum
968 3014 1070 3066 diceret
1077 3030 1125 3067 nnr

55 3095 126 3146 quae
149 3076 206 3131 dem
237 3078 375 3145 folgenden
402 3095 470 3145 puae
493 3081 564 3133 nicht
615 3080 1045 3148 einmodificiertes(angebllches)
1060 3084 1125 3134 obli-

54 3145 233 3213 beigeordnet,
245 3147 356 3200 sondern
366 3149 565 3216 untergeordnet
616 3153 659 3200 tue
677 3154 751 3200 esset.
785 3147 844 3214 Vgl.
854 3148 885 3200 ll.
896 3151 927 3202 35
938 3165 961 3202 a.
970 3149 1000 3202 Ε.

56 3215 132 3278 oder,
152 3231 195 3267 um
213 3215 302 3268 diesen
319 3214 453 3268 Terminus
470 3233 503 3269 zu
521 3233 564 3284 ge·
650 3209 1123 3284 28.Nibilertenimes‘giebt'nichts

54 3283 193 3348 brauchcn,
212 3283 430 3351 eingeordnetist.
456 3284 564 3351 vgtltt.
614 3285 889 3350 Liebenswdrdigeres‚
899 3285 950 3336 wie
959 3284 1123 3341 deutlichdas

57 3353 102 3406 13:
121 3355 177 3402 eiua
194 3355 242 3418 qui
259 3353 457 3418 accinctionem,
476 3357 530 3420 qui.
616 3353 824 3420 folgendemibil
840 3353 914 3419 quod
928 3351 1003 3404 lehrt.

90 3420 239 3472 detestabili
250 3421 355 3473 seelera.
382 3420 416 3474 So
432 3421 516 3474 baben
526 3422 566 3477 die
651 3423 847 3474 benevolentiae
856 3420 1020 3473 hierunle.
1029 3422 1062 3474 32
1073 3421 1123 3474 wie

56 3487 144 3540 Sdhne
169 3487 215 3541 des
238 3488 265 3542 Ι.
288 3487 380 3542 lunius
401 3488 495 3542 Brutus
520 3491 566 3544 das
616 3489 718 3544 vltra.
743 3489 781 3543 Ob
796 3489 837 3541 die
853 3488 1066 3541 Lesartcoritete
1082 3492 1124 3542 bo-

54 3555 128 3610 lland
146 3555 191 3608 der
204 3554 282 3609 Liebe
297 3556 426 3610 zwischen
441 3558 496 3611 siclt
513 3560 566 3612 und
615 3559 711 3611 nevela
732 3556 869 3610 lateinisch
894 3557 940 3622 sei,
965 3557 1000 3609 ist
1023 3573 1056 3608 zu
1078 3558 1124 3610 be·

55 3623 114 3678 dem
123 3623 203 3676 Vater
212 3625 292 3677 durch
304 3624 468 3690 llocbverrat,
479 3641 509 3680 so
521 3628 566 3680 bat
615 3626 746 3680 nweileln:
769 3629 870 3678 coritae
890 3624 936 3677 bat
954 3625 1003 3692 εἰς.
1038 3625 1123 3679 assive

55 3691 127 3746 eslll
149 3694 286 3746 tamnestra
303 3693 433 3745 zwischeu
446 3695 501 3746 sich
513 3696 566 3748 und
614 3694 827 3761 Bedeutungwie
844 3709 931 3760 cerno,
948 3693 989 3746 die
1031 3694 1124 3747 ertbeit

55 3760 113 3814 dem
129 3708 218 3814 {ohne
235 3761 315 3814 durch
331 3761 496 3817 Gattenmord
514 3780 567 3817 zer·
616 3763 677 3817 oder
702 3762 748 3815 das
767 3762 900 3815 Wertsein.
941 3761 1035 3814 Durum
1056 3763 1123 3816 auctr

54 3831 146 3884 rissen.
614 3832 687 3885 nicht
696 3833 814 3883 omnium
822 3833 852 3881 in
861 3835 886 3881 to
895 3833 1003 3896 camme,
1012 3831 1123 3884 sondern

90 3898 185 3950 deinde
197 3896 408 3950 eum-eertum
418 3897 475 3950 dem
486 3897 564 3970 Sinne
615 3900 690 3967 opud
706 3916 794 3952 omnes
812 3901 863 3951 tui:
882 3898 950 3953 Fam.
967 3899 998 3952 ll.
1009 3902 1050 3953 22.

55 3966 122 4021 nach
139 3967 210 4021 nicht
220 3967 388 4022 verschieden
399 3983 451 4020 von
470 3968 565 4021 deinde
650 3968 1122 4036 quoenunpuamoiderttkonzemiv.

883 4054 920 4106 3*
