2648 4606
513 276 655 332 nunnus.
1078 280 1120 339 49

10 479 19 518 τ
50 461 95 516 est
123 451 202 514 enim
218 451 459 513 remuneratione
480 450 714 525 benevolentiae,
738 452 811 513 nihil
830 451 1033 515 vicissitudine
1055 461 1119 516 stu·

10 565 19 605 ·.
49 539 168 602 diorum
183 536 409 616 officiorumque
423 537 590 600 iucundius.
634 535 733 610 Quid?
749 537 773 599 si
788 537 857 599 illud
875 538 960 599 etiam
977 538 1120 616 addimus,
1141 550 1171 601 50

10 650 20 691 a
49 625 131 705 quod
153 631 235 685 recte
257 623 324 684 addi
346 630 454 702 potest,
477 622 551 684 nihil
573 642 636 684 esse
659 622 738 702 quod
760 623 795 684 ad
818 641 849 684 se
872 642 935 684 rem
949 624 1040 686 ullam
1059 635 1120 686 tam

10 754 21 767 .
48 710 152 772 illiciat
180 716 210 771 et
238 709 364 770 attrahat
392 727 479 788 quam
501 708 537 769 ad
558 708 715 769 amicitiam
736 708 911 770 similitudo:
941 712 1120 772 concedetur

10 823 21 863 ι
47 795 185 876 prolecto
218 812 320 855 verum
351 812 414 856 esse
442 801 476 855 ut
503 793 599 855 bonos
627 793 699 855 boni
727 793 864 873 diligant,
897 795 1120 876 adsciscantque

10 910 21 949 a
47 880 109 943 sibi
140 880 220 960 quasi
249 878 470 960 propinquitate
498 879 674 940 coniunctos
702 887 789 958 atque
818 887 932 942 natura.
976 881 1054 942 Nihil
1077 889 1122 943 est

10 978 21 1035 ’ξ
49 966 133 1028 enim
150 965 336 1046 appetentius
351 965 489 1026 similium
505 964 549 1026 sui
566 983 621 1025 nec
635 964 770 1044 rapacius
785 983 872 1044 quarn
885 973 998 1027 natura.
1026 966 1122 1038 Quam

49 1051 90 1113 ob
120 1069 184 1112 rem
211 1050 268 1111 hoc
297 1049 430 1129 quidem,
459 1049 555 1111 Fanni
578 1058 607 1110 et
629 1050 782 1124 Scaevola,
812 1058 928 1112 constet
948 1059 982 1113 ut
1003 1052 1121 1131 opinor,

49 1136 141 1199 bonis
169 1135 248 1197 inter
274 1135 371 1197 bonos
398 1135 481 1215 quasi
510 1135 706 1196 necessariam
737 1135 981 1213 benevolentiam,
1005 1137 1055 1216 qui
1078 1144 1122 1199 cst

10 1254 16 1283 .·
50 1221 197 1284 amicitiae
219 1222 287 1283 fons
309 1239 325 1281 a
347 1229 452 1282 natura
475 1221 661 1283 constitutus.
683 1221 763 1283 'Sed
786 1221 888 1283 eadem
902 1221 1020 1283 bonitas
1034 1221 1122 1283 etiam

10 1340 14 1363 ·.
50 1307 88 1370 ad
121 1305 342 1369 multitudinem
375 1307 512 1386 pertinet.
556 1306 622 1368 Non
656 1306 735 1368 enim
769 1315 813 1368 est
841 1307 1002 1369 inhumana
1030 1307 1121 1369 virtus

51 1410 151 1473 neque
173 1392 309 1453 immanis
331 1410 428 1471 neque
450 1392 591 1473 superba,
614 1410 690 1472 quae
712 1392 798 1453 etiam
820 1393 946 1473 populos
967 1392 1122 1455 universos

49 1479 132 1540 tueri
158 1477 259 1557 eisque
289 1477 397 1558 optime
420 1477 576 1540 consulere
598 1478 706 1540 soleat:
735 1478 814 1557 quod
837 1498 898 1540 non
920 1480 1031 1540 faceret
1051 1496 1122 1557 pro-

52 1564 145 1637 lecto,
165 1563 191 1625 si
212 1582 230 1623 a
251 1563 371 1624 caritate
386 1564 464 1642 vulgi
478 1562 660 1625 abhorreret.
704 1565 800 1643 Atque
816 1563 904 1625 etiam
918 1564 989 1625 mihi
1004 1563 1122 1643 quidem
1143 1571 1172 1624 tl

50 1649 200 1725 videntur,
222 1649 273 1728 qui
295 1648 452 1710 utilitatum
472 1667 560 1711 causa
579 1649 698 1728 tingunt
711 1649 862 1723 amicitias,
884 1649 1122 1711 amabilissimum

53 1735 169 1797 nodum
202 1733 346 1796 amicitiae
375 1734 488 1797 tollere.
531 1735 598 1796 Non
628 1734 707 1796 enim
734 1742 794 1796 tam
820 1735 930 1797 utilitas
959 1742 1043 1816 parta
1066 1754 1121 1816 per

52 1850 198 1918 scbnldigt,
221 1851 287 1903 muls
304 1850 339 1902 im
356 1849 502 1903 Deutscben
520 1850 562 1903 bei
647 1852 723 1902 bonis
754 1853 825 1902 inter
850 1854 932 1904 tonos
964 1851 1122 1905 nacbdrirclt-

49 1911 257 1973 ‘wiederlieben'
293 1918 355 1972 oder
381 1911 562 1986 ‘Gegenliebe'
611 1918 692 1971 licber
706 1919 744 1972 als
759 1922 834 1971 bonis
847 1922 920 1972 tator
932 1937 960 1972 se
975 1920 1037 1974 oder
1049 1923 1122 1973 inter

52 1987 205 2056 veglallen:
226 2003 273 2040 ans
295 1987 442 2040 demselben
460 1986 562 2040 Grande
613 1990 695 2039 banaa
711 1988 797 2040 allelu.

53 2057 104 2110 wie
116 2055 182 2110 xlx,
198 2057 230 2109 69
247 2055 290 2107 bei
303 2071 397 2121 grege,
415 2055 466 2108 wie
485 2058 562 2122 quasi
645 2059 830 2109 neeessariam.
870 2053 924 2107 Nur
946 2056 987 2109 dic
1011 2056 1121 2126 Kopula,

53 2122 115 2177 vffl.
124 2127 155 2177 27
167 2125 209 2178 bei
219 2117 490 2177 lumea‘leucbtendes
499 2124 563 2176 Vor-
613 2124 683 2176 nicht
694 2124 740 2177 das
750 2123 871 2176 Prasiana
882 2125 946 2189 (esra
957 2126 995 2177 als
1008 2124 1121 2178 Verbum

52 2185 119 2246 bild'
143 2193 206 2246 oder
229 2198 357 2259 tanquam
380 2192 445 2245 xvi.
464 2195 496 2246 59
521 2192 563 2244 bei
613 2192 811 2313 desdltxistenz)
834 2192 932 2245 konnte
955 2194 1120 2261 ausgclassen

53 2278 141 2315 ausas.
613 2275 666 2313 wer
685 2276 725 2316 en.

84 2330 238 2383 stadiorum
255 2333 323 2382 etwa
342 2321 400 2381 ‘des
417 2327 562 2396 Entgegen·
647 2333 694 2395 qai
711 2332 750 2380 eat
765 2326 911 2380 Attralrtion
930 2327 975 2381 des
991 2328 1068 2383 Pron.

52 2389 209 2452 kommens'.
646 2397 700 2449 Sed
716 2397 843 2463 begegnet
854 2396 913 2449 dem
924 2395 1064 2450 Bedenlren
1081 2397 1119 2449 als

87 2471 128 2521 50.
145 2467 247 2520 illiciat
263 2471 290 2517 et
309 2467 432 2518 attrabat
454 2465 489 2518 isi
505 2481 562 2518 ver·
611 2463 726 2517 kdnnlen
734 2464 777 2516 die
784 2465 838 2516 also
847 2464 1028 2518 verbundenen
1036 2465 1119 2519 Gnten

52 2535 156 2589 bunden
180 2535 230 2588 wie
255 2533 385 2587 anloclste
411 2535 463 2586 und
489 2534 561 2586 bin·
612 2533 668 2586 sich
686 2533 750 2586 naeb
769 2533 902 2585 aulsenbin
920 2533 1099 2587 abscblielsen.

52 2597 131 2672 boga:
148 2619 197 2656 nur
214 2604 270 2655 dals
282 2602 379 2655 anund
391 2602 435 2654 hin
446 2602 504 2655 dem
515 2603 560 2657 lat.
646 2593 969 2669 immante‘ungeberdig',
982 2601 1120 2668 eigentllch

10 2704 12 2711 =
51 2674 83 2724 ia
92 2670 148 2725 und
162 2673 199 2724 ad
210 2671 238 2724 in
249 2670 429 2739 umgelrehrter
441 2669 562 2737 Ordnung
612 2669 664 2722 und
673 2668 850 2738 urspruuglicla
859 2669 930 2722 wohl
940 2671 1056 2738 ungitig.
1073 2670 1120 2722 Die

15 2782 22 2791 .
52 2741 230 2808 entsprecben.
382 2799 386 2803 ,
612 2739 734 2791 bosseren
754 2737 949 2791 llandschrllten
971 2739 1054 2791 haben
1071 2741 1121 2789 im-

85 2809 125 2860 ad
140 2810 290 2861 amicitiam
305 2807 467 2872 similitudo,
490 2806 562 2860 nicht
611 2808 751 2871 manatio
761 2806 937 2872 undmania);
950 2808 1011 2860 aber
1022 2806 1122 2860 dich-

52 2878 256 2930 similitudinarie
272 2875 335 2930 oder
354 2878 454 2928 similes
471 2875 518 2940 (ad
533 2892 561 2926 se
612 2875 724 2941 deutnng
737 2866 960 2942 ‘undienstfertig'
983 2877 1017 2928 ist
1035 2875 1121 2928 weder

52 2935 330 3012 illiciatffiabat)
340 2947 469 2996 amicitia.
486 2943 561 2996 Diese
613 2944 684 2995 recht
696 2943 848 3008 erweisliclr‚
866 2944 933 2997 noch
945 2945 1017 3010 giebt
1029 2944 1067 2997 sie
1078 2944 1121 2995 die

52 3013 191 3081 Wendnng
216 3013 304 3066 wurde
328 3013 477 3077 notwendig
500 3012 561 3064 weil
612 3011 738 3079 passande
760 3011 909 3079 Abstnlung
934 3013 979 3065 der
1001 3011 1121 3080 Begriffe.

53 3081 93 3135 die
104 3080 291 3136 Facundscbalt
308 3082 345 3144 (in
363 3083 492 3148 concreto)
509 3082 561 3132 erst
615 3078 671 3146 Vgl.
695 3082 862 3132 immnitate
879 3080 963 3134 llell.
983 3083 1024 3134 87.
1064 3080 1120 3146 (llie

53 3148 133 3204 dureb
147 3149 348 3203 diellttralrtion
363 3148 475 3202 bewirlrt
488 3148 561 3213 wird,
612 3147 720 3214 Tugeud
737 3149 772 3201 ist
793 3147 949 3214 lrenndlicb,
972 3149 1010 3200 sie
1034 3149 1121 3200 stellet

52 3216 562 3286 nicbtumgelrehrtdieAttralstionduroh
612 3217 667 3268 sich
690 3216 762 3268 nicht
782 3216 948 3283 angeberdig,
972 3217 1010 3270 sie
1033 3217 1121 3268 blihet

10 3310 15 3343 .-
53 3287 93 3340 die
109 3286 304 3341 Freundscbait.
611 3285 667 3338 sich
684 3285 772 3351 nicht.)

83 3371 180 3408 aarum
190 3372 245 3407 aare
255 3360 287 3407 ut
298 3352 505 3420 dieRichtiglteil
517 3352 561 3405 der
644 3353 748 3415 faceret
765 3367 818 3404 was
835 3352 873 3404 sie
890 3351 962 3404 nicht
975 3342 1097 3403 ‘wirrde’.
1192 3381 1195 3386 .

53 3422 211 3478 Thatsache:
229 3440 262 3478 zu
275 3424 423 3476 concedant
438 3421 509 3474 atV.
521 3423 561 3476 18.
646 3424 747 3473 caritm
780 3421 857 3486 vulgi
894 3420 936 3472 die
967 3419 1119 3486 allgemeine

84 3493 289 3559 adsciaeaatqae
300 3494 351 3543 eibi
363 3491 418 3543 sich
429 3490 560 3542 dieselben
610 3487 826 3543 blenscbenliebe.

52 3575 84 3614 ιιι
99 3561 177 3628 eigen
189 3560 330 3626 (dieselben
345 3575 377 3612 zu
389 3559 438 3612 den
450 3558 559 3624 ihrigen)
646 3561 687 3613 51.
704 3559 793 3624 Atque
814 3558 894 3608 ctiam
913 3547 957 3608 ‘Ja
980 3570 1034 3607 was
1052 3555 1119 3608 noob

52 3630 172 3696 macheu,
196 3629 234 3682 als
255 3631 343 3682 wiron
364 3628 402 3680 sie
420 3626 499 3679 durch
516 3641 560 3678 na·
609 3626 682 3679 mehr
698 3618 753 3678 ist'.

52 3697 160 3751 turlicbe
172 3696 394 3750 Vernandtscbalt
405 3693 560 3747 verbunden.
644 3696 794 3747 utilitatum
811 3708 893 3744 caasa
916 3707 949 3744 au
972 3694 1118 3746 amieitiaa:

52 3764 88 3818 Zu
93 3768 301 3835 propinquitate
310 3768 389 3831 atque
398 3769 498 3816 natura
507 3763 559 3829 vgl.
610 3763 628 3818 Ι.
635 3767 659 3818 3.
668 3761 709 3814 Vl.
720 3764 760 3814 20.
771 3760 855 3813 XVlll.
862 3763 907 3842 ,⁶⁶⁸

51 3840 426 3956 ‘maiiffiblli'lii
439 3830 561 3953 biba
644 3827 1118 3966 iiiit‘dilldlll„&biblita-

50 3970 103 4026 Vll.
123 3973 165 4026 23.
185 3971 350 4037 conjunctio:
368 3969 396 4022 ll.
406 3972 429 4024 8.
612 3971 650 4021 ter
667 3967 706 4020 als
722 3967 868 4020 viaculum.

101 4063 202 4108 Laollus.
221 4064 241 4108 9.
251 4062 306 4106 lun.
899 4056 917 4106 4
