2654 4612
457 287 603 345 naeuus,
1025 289 1064 349 79

100 462 192 523 victus
215 461 299 540 isque
321 460 502 535 communis3
533 478 631 539 neque
652 459 749 522 solum
770 460 882 536 militie,
905 461 957 523 sed
980 463 1066 524 etiam

87 547 252 608 rinationes
274 546 538 623 rusticationesque
561 563 743 607 communes.
787 545 858 607 Nam
875 547 945 625 quid
961 566 1015 627 ego
1031 547 1067 609 de
1077 555 1119 607 104

87 650 101 692 s
131 631 224 692 dicam
253 632 452 710 cognoscendi
482 648 599 709 semper
628 630 734 710 aliquid
763 639 850 710 atque
873 633 1012 706 discendi,
1036 632 1066 694 in

87 735 106 777 is
136 716 241 777 remoti
270 716 306 776 ab
337 717 429 778 oeulis
457 715 559 795 populi
589 733 676 776 omne
706 715 832 777 otiosum
854 725 972 797 tempus
994 736 1067 780 eon·

87 799 157 862 uus‘l
194 801 324 873 Quarum
348 818 447 862 rerum
469 800 634 861 recordatio
657 809 688 863 et
709 801 849 863 memoria
872 803 896 864 si
918 820 977 863 una
998 820 1065 863 cum

87 886 248 960 recidisset,
278 886 457 952 desiderium
490 885 725 948 coniunctissimi
755 894 844 965 etque
876 886 1067 949 amantissimi

87 972 160 1032 lerre
190 971 271 1033 nullo
298 973 384 1032 medo
408 990 534 1051 possem.
579 970 636 1033 Sed
664 990 720 1033 nec
747 971 795 1032 illa
822 972 965 1034 exstincta
988 980 1066 1046 sunt,

87 1075 177 1135 urque
207 1057 306 1137 potius
334 1065 363 1118 et
391 1066 537 1136 augentur
564 1056 741 1134 cogitatione
773 1064 802 1118 et
823 1057 963 1118 memoria
985 1075 1065 1133 mea3

103 1141 159 1203 illis
190 1143 277 1222 plane
306 1141 428 1203 orbatus
456 1160 565 1215 essem,
595 1159 735 1220 magnum
763 1150 861 1203 tamen
889 1143 973 1204 affert
993 1142 1066 1203 mihi

108 1227 170 1305 ipsa
197 1227 342 1288 solatium.
386 1227 500 1289 Diutius
522 1226 601 1288 enirn
624 1227 679 1286 iarn
702 1227 733 1287 in
756 1227 813 1288 hoe
837 1227 980 1289 desiderio
1003 1246 1067 1289 esse

98 1329 234 1390 possum3
270 1312 368 1372 omnia
402 1320 499 1373 autam
534 1311 631 1372 brevia
665 1310 826 1373 tolerabilia
856 1332 919 1374 esse
948 1311 1066 1386 debent,

89 1397 114 1456 si
136 1415 242 1474 magna
263 1405 341 1458 sunt.

87 1481 165 1542 Haec
187 1481 286 1556 habui,
309 1482 345 1543 de
363 1481 488 1542 amicitia
509 1499 583 1560 quae
598 1480 735 1542 dicerem.
779 1481 838 1542 Vos
852 1490 949 1542 autem
963 1482 1068 1543 hortor

88 1585 103 1625 a
131 1567 267 1628 virtutem
299 1566 417 1640 locetis,
446 1567 511 1627 sine
540 1585 598 1645 qua
624 1565 749 1626 amicitia
778 1585 841 1628 esse
871 1586 931 1628 nen
960 1575 1066 1645 potest,

87 1701 89 1709 .
112 1661 233 1732 excepta
256 1651 326 1712 nihil
350 1651 475 1712 amicitia
496 1649 701 1732 praestabilius
722 1652 840 1730 putetis.

87 1793 192 1868 {leidigt'
209 1803 307 1869 besaet,
324 1802 375 1855 wie
389 1803 428 1857 ult
444 1802 509 1855 auch
558 1800 737 1854 Anakeluthie.
764 1801 813 1854 Der
825 1799 946 1854 Gedanlie
957 1801 1002 1854 hat
1014 1802 1069 1855 siclt

87 1885 116 1933 rs,
133 1864 250 1922 ‘niemals
268 1871 312 1922 hat
325 1887 352 1922 er
364 1870 418 1923 sich
430 1870 509 1922 durch
559 1885 609 1922 von
620 1869 677 1922 dem
686 1868 923 1936 Bediugungssatze
936 1869 1067 1936 losgeltst

87 1936 209 2005 beleidigt
226 1931 341 2005 gerulis,
359 1939 423 1991 wird
438 1938 510 1990 (lent-
559 1937 610 1989 und
623 1938 678 1989 tritt
687 1952 716 1989 sn
726 1937 884 2004 selbstindig
896 1937 941 1990 aul
949 1938 998 1990 wie
1011 1938 1069 1989 diu-

87 2019 116 2055 us
134 2007 206 2071 quod
220 2011 346 2058 senserim
363 2006 477 2059 erkannt.
559 2009 613 2057 tius
625 2009 654 2057 in
671 2008 720 2058 loe
738 2006 869 2057 desiderio
887 2022 940 2056 esse
953 2022 1070 2071 possum.

88 2113 93 2123 .
112 2076 286 2139 comessandi
309 2075 354 2127 das
371 2075 510 2141 Aligemei-
593 2079 667 2126 aetas
683 2077 742 2140 ipsa
756 2065 856 2126 ‘sehon'
880 2074 963 2126 meine
980 2073 1068 2127 lehre:

88 2141 205 2193 discenda·
221 2143 266 2195 das
279 2142 445 2210 Speciellere:
464 2158 510 2195 un·
558 2142 610 2209 vgl.
620 2141 650 2194 V.
661 2145 701 2196 20.
719 2142 811 2196 lll.31.

87 2207 226 2263 lenntnisse
244 2212 295 2264 und
313 2225 389 2262 unser
409 2210 509 2263 Wissen
592 2211 694 2261 diuum
712 2210 778 2262 allzn
797 2210 879 2276 lange.

87 2278 202 2332 unehren.
224 2279 272 2331 Fur
284 2279 325 2331 die
336 2277 508 2345 Amplilieatio
591 2282 630 2329 ita
648 2278 740 2329 lueetia
758 2293 787 2329 so
805 2277 890 2341 (hoel)
917 2293 948 2330 zu
969 2277 1069 2341 stenen,

87 2361 132 2410 ago
151 2347 238 2398 dicam
256 2347 354 2414 vgilll.
367 2351 406 2399 11.
558 2346 597 2397 ihr
621 2346 695 2397 einen
718 2345 822 2397 solehen
840 2345 913 2410 Rang
935 2344 995 2396 oder
1012 2346 1069 2397 eine

87 2414 185 2465 ardalio
212 2421 237 2466 et
268 2418 395 2467 memoria
427 2415 510 2482 geben
560 2411 915 2467 selcheStelleanzuweisen.
937 2411 1068 2478 vgt.v.1u

93 2497 240 2536 zusammen
258 2483 307 2535 den
326 2484 399 2535 einen
416 2479 515 2549 Begrill
560 2483 620 2547 Ego
637 2497 683 2532 voa
702 2483 807 2532 tortura·
824 2486 927 2531 tantum
941 2496 1057 2547 possum.

88 2550 216 2616 bendigen
233 2550 398 2617 Erinnerung.
590 2549 782 2615 praestabilius
810 2552 910 2614 putetis
939 2548 1069 2601 allitterie-

87 2620 88 2624 ’
104 2634 154 2669 nee
162 2648 196 2656 —
205 2624 242 2671 et:
260 2619 314 2672 llll.
324 2623 365 2673 75.
560 2617 631 2680 rend,
649 2618 699 2669 wie
716 2633 774 2669 zurn
787 2615 888 2669 Schluls
900 2616 945 2669 des
956 2616 1021 2669 llato
1034 2615 1069 2669 Μ.

87 2692 116 2737 rt
124 2687 164 2739 liar
173 2688 381 2750 afferretheruht
389 2687 435 2739 aul
443 2687 512 2739 einer
559 2688 675 2753 probare
686 2688 806 2751 pectilia
