2648 4606
593 261 737 316 trullus,
1159 263 1200 322 43

128 451 269 512 rogemus
289 451 338 494 res
357 440 459 514 turpes
480 453 537 495 nec
552 435 692 498 iaciamus
707 435 815 516 rogati:
838 435 934 516 turpis
955 435 1035 497 enim
1051 436 1200 499 excusatio

77 532 92 599 ζ
129 524 173 580 est
202 527 232 580 et
252 518 375 580 minime
396 519 565 599 accipienda
588 539 654 582 cum
677 521 707 583 in
724 521 831 583 ceteris
845 521 988 601 peccatis,
1017 529 1080 583 tum
1095 521 1120 584 si
1134 524 1201 602 quis

77 606 79 619 ²
127 611 233 666 contra
254 622 318 666 rem
339 603 488 684 publicam
509 624 541 667 se
563 606 648 668 amici
671 625 758 669 causa
779 607 884 670 fecisse
903 608 1037 668 fateatur.
1082 607 1200 670 Etenim

127 708 163 750 eo
186 689 270 764 loco,
292 689 388 751 Fanni
411 699 440 751 et
462 691 609 766 Scaevola,
631 692 718 753 locati
740 711 859 768 sumus,
881 699 915 754 ut
937 711 992 754 nos
1012 692 1103 770 longe
1128 713 1199 774 pro-

77 788 86 861 ζ
126 775 244 855 spicere
267 784 402 855 oporteat
421 777 539 838 futuros
561 795 647 839 casus
667 779 711 838 rei
732 777 878 858 pubHcae.
922 777 1046 839 Dellexit
1066 778 1125 840 iam
1146 779 1199 840 ali-

77 860 303 941 f¹quantulum
332 862 368 922 de
397 861 491 942 spatio
519 863 727 942 curriculoque
750 863 933 925 consuetudo
954 863 1109 924 maiorum.
1153 865 1198 925 Ti.
1221 878 1250 930 tt

77 946 89 1025 ῗ
126 946 279 1008 Gracchus
300 964 427 1026 regnum
450 966 595 1028 occupare
618 957 742 1010 conatus
757 957 810 1023 est,
833 949 879 1010 vel
893 949 1025 1028 regnavit
1040 949 1064 1010 is
1079 949 1198 1028 quidem

77 1104 81 1109 ,
125 1049 239 1110 paucos
264 1050 392 1094 menses.
436 1033 513 1094 Num
536 1034 606 1113 quid
628 1033 723 1095 simile
745 1033 874 1113 populus
895 1034 1046 1096 Romanus
1068 1034 1199 1096 audierat

77 1138 79 1142 ¹
125 1124 177 1178 aut
207 1114 341 1178 viderat?
377 1117 466 1179 llunc
493 1119 581 1180 etiam
607 1126 676 1199 post
704 1128 830 1181 mortem
852 1119 946 1181 secuti
968 1119 1054 1180 amici
1077 1128 1107 1181 et
1127 1139 1198 1200 pro-

125 1202 232 1282 pinqui
254 1203 326 1281 quid
349 1203 379 1264 in
402 1204 435 1264 P.
459 1205 599 1284 Scipione
622 1205 785 1279 effecerint,
808 1205 873 1267 sine
894 1205 1021 1267 lacrimis
1043 1224 1105 1266 non
1121 1223 1198 1284 queo

125 1287 235 1348 dicere.
278 1288 352 1349 Nam
375 1288 541 1351 Carbonem
570 1308 750 1369 quocunque
772 1291 861 1352 modo
882 1290 1050 1369 potuimus,
1077 1299 1200 1371 propter

125 1380 278 1434 recentem
304 1392 431 1454 poenam
461 1375 506 1436 Ti.
535 1374 677 1451 Gracchi,
707 1375 916 1438 sustinuimus:
951 1377 987 1438 de
1016 1375 1069 1436 Gai
1100 1383 1199 1437 autem

124 1457 282 1520 tribunatu
302 1459 374 1538 quid
396 1469 579 1540 exspectem,
602 1480 664 1521 non
687 1460 760 1522 libet
781 1461 928 1541 augurari.
973 1461 1072 1541 Serpit
1093 1462 1199 1523 deinde

125 1561 192 1606 res:
221 1562 296 1624 quae
324 1546 463 1626 proclivis
485 1546 520 1607 ad
542 1546 723 1626 perniciem,
746 1564 814 1608 cum
837 1546 928 1609 semel
950 1547 1057 1627 coepit,
1080 1546 1198 1609 labitur.

125 1659 227 1726 negiert
253 1660 413 1714 bestimmten
444 1662 557 1716 echirler
585 1663 637 1716 und
689 1663 761 1715 mehr
778 1661 904 1714 wirklich.
929 1661 1089 1729 ugurtha.

125 1728 257 1795 ltriltiger.
283 1728 460 1796 termium.
722 1732 849 1783 audierat
866 1736 915 1782 aut
930 1733 1042 1784 uiderat.
1065 1732 1099 1784 So
1118 1731 1200 1785 erhtlt

158 1814 204 1848 ree
212 1801 305 1864 turpes
313 1798 568 1852 etwasUnsittlichee
576 1799 639 1852 oder
689 1800 787 1852 autdie
799 1799 950 1866 Bedeutung
958 1792 1032 1852 ‘oder
1045 1792 1106 1867 gar',
1123 1801 1149 1850 in
1161 1803 1200 1852 ai·

125 1863 329 1919 Unehrenhaltes
347 1883 379 1919 en
397 1867 467 1928 sich;
489 1871 577 1934 turpis
593 1885 639 1919 aaa·
689 1869 767 1920 derat
777 1873 825 1920 aut
841 1860 1048 1921 audierat‘oder
1059 1870 1124 1921 auch
1136 1861 1199 1921 nur'.

124 1936 229 1985 muntia
254 1935 312 1987 eine
334 1936 431 1988 seitens
449 1934 494 1988 (les
511 1935 639 1988 flandeln-
722 1940 752 1987 r'u
769 1938 796 1988 P.
815 1936 948 2002 Scipione.
983 1935 1041 2004 Vgl.
1059 1952 1114 1989 was
1137 1937 1201 1990 tiber

124 2001 173 2055 (len
182 2001 378 2069 nnehrenhatte,
393 2004 451 2056 eine
462 2004 638 2074 echimplliche
689 2004 801 2067 difficile
819 2005 893 2056 dictu
910 2005 947 2060 lll.
960 2008 991 2059 12
1007 2005 1123 2058 hemerht
1134 2021 1200 2059 wor-

124 2069 248 2124 hnsrede.
688 2072 738 2125 den
755 2074 797 2125 ist.

159 2143 217 2190 tam
233 2142 258 2190 si
276 2139 485 2206 puis—feeieae
505 2139 638 2201 fateatur.
721 2158 776 2193 recu
794 2157 869 2209 queo.
897 2139 932 2192 So
950 2141 1039 2193 immer
1056 2142 1099 2194 hei
1112 2142 1200 2195 Cicero

125 2206 243 2260 Genauer
259 2208 411 2275 ansgelrlhrt
432 2207 520 2261 wmte
539 2224 567 2262 es
584 2209 637 2262 hei·
687 2209 723 2275 (in
732 2209 777 2262 der
789 2215 874 2262 ersten
883 2207 998 2275 Person),
1010 2209 1082 2262 nicht
1092 2226 1200 2276 nequeo.

123 2275 193 2328 lsen:
213 2281 270 2327 hem
285 2280 310 2327 εἰ
327 2280 387 2344 pub
404 2282 499 2329 contra
516 2294 573 2328 rem
585 2293 638 2343 pu-
723 2278 869 2330 Carbonem
886 2305 920 2315 -
943 2280 1119 2329 nutiuue’mus
1152 2279 1201 2329 wir

123 2346 222 2396 blicam
238 2343 349 2412 recent,
372 2348 397 2397 er·
413 2363 443 2411 ee
458 2349 539 2397 amica·
556 2361 637 2398 cauea
688 2346 771 2399 haben
789 2345 860 2398 seine
876 2345 1002 2430 Angriffe,
1017 2361 1047 2398 so
1066 2351 1112 2412 gut
1130 2345 1200 2398 wir's

121 2427 245 2479 peccasse
262 2412 393 2476 fateatur.
427 2413 496 2466 Uber
513 2413 563 2466 den
579 2429 639 2481 pro·
688 2413 778 2480 irgend
794 2412 974 2479 vermochten,
1011 2407 1201 2480 ausgehalten’,

123 2481 148 2534 le
166 2481 269 2534 tischerr
279 2481 412 2535 Gebreuch
423 2497 474 2534 von
492 2485 588 2534 ceteris
605 2498 637 2534 zn
687 2483 740 2534 ihm
757 2481 827 2534 blote
843 2481 963 2548 passiven
976 2481 1140 2534 Widerstand
1175 2498 1201 2535 e-

122 2497 218 2605 ttbto.
687 2550 782 2615 leistet,
800 2551 860 2602 weil
878 2565 927 2601 uns
945 2549 991 2601 <las
1009 2550 1087 2604 durch
1099 2549 1141 2603 (lie
1152 2498 1201 2604 be-

158 2634 189 2669 eo
208 2619 267 2670 loeo
283 2617 367 2670 locati
382 2634 474 2670 sumus
490 2618 581 2671 slehen
594 2617 640 2670 aul
688 2619 804 2684 stralung
822 2617 867 2671 des
884 2616 943 2670 Tib.
956 2617 1083 2672 Gracchus
1100 2618 1202 2672 hemul-

121 2685 208 2739 einent
225 2684 334 2740 Pnnlrte.
687 2687 872 2740 beschworene
902 2685 994 2739 Unheil
1023 2687 1050 2739 in
1081 2687 1201 2741 trischem

159 2755 240 2820 longe
249 2757 402 2822 prospicere
413 2755 519 2821 aliquid
532 2754 638 2808 weithin
688 2754 830 2808 bubenhen
837 2755 947 2807 warund
954 2771 1001 2808 uns
1007 2771 1059 2808 von
1065 2756 1202 2809 einerthn-

123 2822 192 2877 nach
204 2825 286 2876 etwas
297 2824 465 2889 tusculanen,
478 2839 506 2877 ee
515 2839 567 2877 von
577 2823 639 2876 wei·
688 2823 774 2876 lichen
783 2822 936 2890 Restraiung
945 2825 1021 2889 Jenes
1032 2824 1201 2879 aurficlrhielt.

124 2897 178 2945 tem
195 2891 237 2944 ine
252 2891 325 2958 Auge
343 2892 439 2945 tarsen.
723 2893 774 2944 Gai
799 2891 937 2958 (Gracchi)
966 2893 1035 2944 steht
1067 2894 1133 2947 nach
1162 2893 1201 2946 Ti.

157 2960 410 3026 aliquantulumein
420 2959 636 3027 gutes'l'eilchen:
690 2961 813 3026 Gracchi,
831 2960 881 3013 wic
898 2960 952 3013 llll.
963 2964 997 3015 ‘13
1014 2961 1129 3020 Lucium
1140 2961 1201 3029 (lla-

124 3027 638 3096 eineVerkleinemngwelchedaewahre
686 3029 795 3096 pilium)
812 3029 878 3080 nach
895 3031 924 3081 P.
940 3028 1087 3096 Rupilium.

124 3096 273 3151 Verhiltnis
289 3112 333 3150 um
350 3113 380 3150 so
398 3097 528 3150 inhiberet
544 3097 638 3163 macht,
721 3114 776 3150 aaa
795 3098 859 3148 tibet
875 3101 1017 3163 augurari.
1044 3097 1130 3152 Lilins
1141 3114 1202 3166 mag

124 3165 177 3218 nntl
187 3166 215 3217 in
227 3164 278 3218 den
288 3164 399 3218 Bereich
411 3165 455 3218 der
463 3165 559 3218 Litotes
572 3165 638 3217 tillt.
689 3165 749 3218 hein
767 3164 1011 3233 Unglhclrsprophct
1027 3167 1090 3218 sein.

123 3232 214 3286 Ilieees
225 3232 415 3286 Deminntirum
433 3233 496 3286 wind
511 3234 579 3299 jetat
595 3232 639 3285 bei
723 3235 818 3286 danda
829 3232 905 3299 donn,
915 3234 1202 3298 cumrerneldefteaum

124 3300 214 3355 Gicero
231 3301 410 3369 beanstanrlet,
427 3301 479 3354 und
491 3302 546 3354 hier
558 3301 638 3356 durch
688 3303 857 3369 eetderpatr‘c
868 3302 1053 3368 curriculoque
1059 3305 1202 3357 maiarum.

124 3369 166 3423 (lie
190 3371 264 3423 beste
284 3368 447 3423 llandsehrilt
469 3371 638 3438 aliquantum
721 3387 765 3422 rae
777 3371 828 3437 (hie
841 3370 931 3435 Sache)
943 3371 977 3422 ist
989 3370 1141 3436 allgemeine
1153 3371 1202 3423 Re-

124 3437 639 3573 illbliltnli‘al¹¹¹lii⁸i¹liblg⁰l
689 3437 1136 3574 tttltt'ulttltttttltltl
1153 3439 1202 3559 li?

628 3535 640 3545 “
802 3545 808 3558 ·
1137 3545 1144 3571 r

123 3574 233 3628 kirrnten
251 3574 438 3629 Schreibweiee
455 3575 553 3642 garing.
690 3575 739 3628 (len
750 3574 1008 3641 Stantzuvergiltem
1027 3566 1132 3627 sie‘eilt
1143 3575 1201 3629 dem

158 3644 192 3695 de
226 3647 315 3710 epatio
354 3643 544 3710 curriculoque
578 3658 639 3696 vom
689 3643 836 3697 Venderben
859 3635 908 3705 zu’,
929 3659 972 3695 um
995 3642 1045 3695 den
1063 3642 1136 3696 Staat
1153 3645 1201 3697 mit

125 3711 215 3766 Platae
232 3712 287 3765 und
303 3727 349 3766 aus
367 3714 411 3765 der
427 3711 513 3764 Behn:
539 3710 577 3763 sie
594 3712 640 3764 hat
690 3713 745 3764 sich
762 3713 788 3763 in
807 3710 925 3762 dasselbe
942 3711 1166 3765 hincinaureitsen.

124 3781 213 3833 werler
231 3780 281 3833 (len
298 3795 397 3847 genuen
409 3780 489 3831 Ranm
502 3779 570 3832 ihtes
583 3778 640 3832 Sta·
721 3780 851 3846 proclivis
868 3779 1027 3847 abechitssig,
1045 3778 1070 3833 (l.
1080 3780 1105 3834 h.
1122 3781 1202 3834 leicht

124 3847 639 3916 diuma,ihrganzes'l'erreinbehanptet,
690 3846 743 3900 und
759 3846 868 3900 echnell.

124 3918 192 3971 noch
204 3917 261 3970 sich
270 3922 358 3985 strong
369 3919 404 3970 im
413 3916 498 3969 Gleise
511 3916 640 3984 gehelten.
724 3931 784 3968 eam
806 3916 888 3968 suaet
909 3919 1006 3984 eoepit,
1038 3916 1116 3970 nimi.
1141 3917 1202 3972 labi.

159 3989 201 4041 41.
219 3987 263 4038 rel
276 4015 311 4025 -
324 3989 349 4038 ie
372 3987 477 4052 quidem
499 3983 561 4039 oder
577 3985 641 4038 viel-
691 3982 846 4055 syllepsin
