2648 4606
520 281 661 335 uacuus,
1084 275 1122 343 57

10 460 21 496 '2
58 452 132 528 nias,
148 452 199 533 qui
214 453 360 514 honorem
374 454 458 516 amici
472 463 632 535 anteponat
646 453 722 517 suo?
737 453 837 527 Quint
851 455 923 517 baec
938 464 972 518 ut
983 456 1124 534 omittam,

57 534 147 618 quam
182 556 285 618 graves
314 557 402 618 quam
434 539 565 602 difficiles
591 540 741 621 plerisque
766 541 903 603 videntur
930 541 1125 605 calamitatum

10 660 25 671 -
57 623 230 686 societatesl
267 625 310 685 Ad
338 643 411 705 quas
439 633 567 688 nonest
594 625 677 687 facile
706 627 829 688 inventu
857 626 908 705 qui
936 627 1125 691 descendant.

55 708 235 789 Quanquam
256 709 372 772 Ennius
394 719 490 786 recte,

10 803 20 813 '
144 795 259 856 luteas
280 804 371 858 cartus
392 794 424 858 r'u
444 816 477 860 re
498 801 606 859 a'ucarta
627 797 771 872 cicuitum

10 889 23 929 ἱ
56 887 158 942 tannen
179 881 253 942 haec
275 881 333 943 duo
355 882 478 944 levitatis
504 891 533 944 et
558 882 736 944 infirmitatis
756 881 915 963 plerosque
936 883 1125 960 convincunt,

10 975 22 1015 ἰ
56 974 111 1028 aut
131 965 156 1027 si
177 965 209 1027 in
232 965 319 1028 bonis
339 966 429 1028 rebus
451 976 647 1029 contemnunt
661 975 711 1028 aut
724 968 755 1029 in
771 967 854 1029 malis
874 969 1024 1030 deserunt.
1068 971 1125 1041 Qui

10 1062 14 1067 '
54 1051 149 1131 igitur
170 1059 296 1130 utraque
323 1052 354 1112 in
382 1070 414 1114 re
441 1071 558 1133 gravem
580 1061 765 1114 constantem
791 1052 925 1116 stabilem
946 1073 978 1114 se
999 1055 1030 1115 in
1053 1056 1125 1116 ami·

10 1148 22 1215 3
56 1136 127 1198 citia
148 1137 336 1216 praestiterit,
358 1137 438 1199 hunc
461 1158 496 1200 ex
517 1138 643 1200 maxime
664 1156 731 1199 raro
751 1157 861 1219 genere
875 1139 1029 1200 hominum
1050 1141 1125 1202 iudi·

56 1239 126 1283 care
146 1221 288 1283 debemus
311 1230 340 1284 et
360 1241 456 1304 paene
477 1224 585 1285 divino.

142 1306 245 1368 xvlu.
266 1307 498 1371 Firmamentum
519 1318 618 1370 autem
637 1307 801 1370 stabilitatis
816 1309 1058 1389 constantiaeque
1073 1321 1126 1388 est,

56 1392 123 1454 cius
144 1410 234 1472 quam
256 1393 286 1453 in
309 1394 433 1456 amicitia
456 1395 635 1474 quaerimus,
657 1394 744 1470 tides;
767 1393 840 1455 nihil
855 1403 899 1454 est
914 1395 994 1456 enim
1013 1396 1126 1475 stabile,

10 1548 17 1557 ,
56 1477 138 1558 quod
160 1478 284 1539 infidum
306 1488 360 1541 est.
404 1480 574 1561 Simplicem
595 1486 747 1559 practerea
762 1487 792 1540 et
806 1497 994 1540 communem
1009 1489 1039 1543 et
1052 1501 1126 1544 con-

10 1578 16 1615 ’-
56 1562 252 1636 sentientem,
281 1564 311 1625 id
339 1573 383 1626 est
411 1566 462 1644 qui
487 1566 577 1627 rebus
600 1565 709 1627 eisdem
731 1572 881 1625 moveatur
904 1565 971 1644 eligi
992 1585 1046 1647 par
1068 1576 1124 1629 est:

10 1718 24 1727 .
56 1666 134 1728 qaae
156 1650 255 1711 omnia
276 1650 428 1730 pertinent
441 1651 477 1711 ad
492 1651 670 1714 fidelitatem.
713 1651 816 1729 Neque
832 1651 911 1711 enim
926 1651 1017 1712 fidum
1031 1661 1127 1732 potest

10 1796 12 1801 .
57 1751 123 1797 csse
144 1735 299 1814 multiplex
320 1736 474 1815 ingenium
496 1747 526 1798 ct
553 1743 735 1812 tortuosum;
765 1753 863 1815 neque
891 1754 959 1798 vero
989 1739 1125 1816 quinon

10 1884 13 1891 ,
57 1819 169 1882 eisdem
192 1819 281 1883 rebus
302 1830 438 1883 movetur
458 1831 620 1901 naturaque
642 1820 805 1898 consentit,
827 1829 877 1882 ant
898 1821 974 1883 fidus
995 1831 1045 1885 aut
1066 1831 1125 1886 sta·

51 1968 56 1979 ·
90 1937 566 1993 bonoramamicizderwennauch
618 1938 656 1990 als
678 1938 748 1989 ware
770 1939 795 1986 ei
820 1941 869 1988 aut
884 1939 1124 2006 vorhergegangen:

58 2005 177 2058 wirklicb
201 2006 320 2071 anderes,
348 2006 414 2059 doch
436 2009 500 2060 auch
525 2008 567 2060 dle
618 2005 966 2073 einekleinerlnakoluthie‚
984 2008 1035 2059 wie
1049 2023 1126 2061 wenn

56 2073 123 2127 libre
141 2074 187 2126 des
203 2074 333 2127 Frenndes
357 2075 441 2127 seiner
458 2076 566 2142 eigenen
615 2074 1126 2142 umgekehrtaufriauteinautn'iolgt.

56 2143 231 2196 voranatellen
249 2143 334 2195 sollte.
650 2147 680 2193 ia
703 2145 778 2193 banea
794 2145 873 2194 rebus
886 2135 977 2210 ‘euir',
1001 2147 1031 2194 iu
1048 2146 1126 2197 malie

10 2264 13 2273 ,
91 2211 566 2277 duceudactsichherheilassen,sich
612 2204 794 2262 ‘amicamam'.

57 2279 195 2332 verstehen
214 2282 256 2344 (aa
268 2281 368 2345 etwas).
397 2279 474 2331 Nicht
486 2280 566 2333 leicht
650 2284 766 2344 utraque
778 2280 808 2328 iu
819 2295 850 2330 ra
861 2278 888 2329 in
899 2277 993 2330 beiden
1002 2278 1125 2345 Stticken,

57 2348 161 2401 mdcbte
183 2348 239 2400 siah
261 2348 325 2400 daza
351 2347 440 2413 irgend
459 2349 566 2413 jemand
617 2348 643 2399 in
661 2345 784 2399 beiderlei
798 2346 926 2398 Hinsicht:
943 2351 976 2397 ut
992 2363 1077 2414 nequa
1094 2350 1126 2399 iu

56 2416 173 2537 nauigat
196 2416 300 2535 geneisst
324 2415 455 2536 bewiesgq
481 2416 566 2496 haben
617 2418 693 2534 {⁰⁷²5
704 2416 783 2532 rabutr
795 2418 953 2480 contemnat,
966 2430 1015 2466 uec
1028 2419 1058 2467 a'n
1070 2432 1125 2467 ma-

82 2499 96 2537 s
143 2499 230 2536 masis.
290 2499 356 2536 neser
379 2499 424 2536 san
455 2499 566 2537 eernen
627 2501 650 2534 u
686 2499 780 2535 asera.

57 2551 152 2606 llerald
170 2553 235 2605 nach
248 2551 338 2605 Samos
353 2552 405 2604 und
417 2557 490 2618 sagte
508 2553 565 2606 dem
646 2549 1125 2617 praestitae-ichenild,verschieden

57 2619 212 2689 Polylrrates
221 2621 262 2672 die
269 2620 505 2673 Gastlreundscbalt
513 2621 566 2676 aul.
617 2635 670 2671 von
686 2620 843 2686 praebuerit
859 2618 934 2685 zeigt.

54 2680 117 2743 ‘bns
127 2689 186 2742 that
198 2703 225 2741 er
236 2689 334 2754 darum,
352 2689 397 2740 ani
407 2688 472 2755 dois,
490 2705 566 2743 wenn
651 2705 686 2739 aa
711 2687 803 2752 aliquo
827 2703 926 2753 gauere
948 2688 1070 2740 iudicare
1093 2705 1125 2742 zu

58 2757 116 2811 dem
141 2756 189 2810 Pol
210 2757 296 2810 krates
322 2757 363 2810 ein
389 2761 488 2823 grossos
514 2758 566 2810 ond
618 2755 689 2809 einer
706 2755 797 2808 Klasse
814 2756 940 2820 mennon,
958 2757 1009 2809 wie
1027 2774 1061 2808 ea
1076 2758 1125 2809 ali-

57 2826 188 2879 schweres
218 2825 314 2891 ngbiclr
324 2824 486 2892 widerlrilne‚
496 2827 567 2878 seiae
618 2840 671 2890 quo
688 2840 798 2876 numera
810 2841 864 2875 aare
876 2841 908 2878 au
920 2825 991 2878 einer
1002 2825 1064 2878 Zalrl
1082 2842 1125 2893 ge·

58 2893 134 2948 Seele
158 2894 230 2946 nicht
252 2893 356 2946 betrribt
378 2894 480 2957 warde,
505 2895 567 2946 weil
617 2893 706 2945 haren.
732 2891 780 2944 Ein
792 2910 846 2944 aare
857 2895 892 2945 ist
903 2909 935 2946 an
948 2893 1044 2946 diesem
1056 2897 1126 2947 iudi-

58 2977 85 3015 er
101 2963 160 3015 sein
177 2961 330 3015 Gastfrennd
347 2954 435 3015 wire?
473 2961 566 3015 Herod.
618 2960 989 3026 aaronichthinnuzudenken,
1000 2964 1125 3029 sowenig

56 3031 93 3085 ut
112 3033 155 3085 43.
618 3030 656 3082 als
668 3045 700 3081 an
709 3034 809 3095 putare
820 3031 847 3082 in
859 3029 953 3082 saonen
968 3032 1019 3083 wie
1029 3048 1125 3084 macu-

91 3099 252 3165 Quanquam
272 3097 466 3164 begriandendes
483 3098 569 3166 Asyn-
616 3114 687 3149 mam
702 3099 822 3163 gloriam
832 3101 862 3148 in
873 3113 1000 3150 maauma
1012 3103 1125 3167 imputo

58 3166 447 3232 detonfmoaanqaamanam.
470 3166 566 3219 Wollte
613 3171 713 3232 putare
737 3166 799 3219 oder
821 3182 993 3232 quaecunque
1012 3172 1077 3218 runt
1095 3170 1125 3218 iu

57 3251 117 3289 man
133 3235 218 3288 dieses
231 3235 390 3301 Quanquam
407 3235 446 3286 als
458 3234 568 3288 Korrek-
618 3237 691 3286 amni
712 3236 825 3296 maudo,
850 3235 959 3285 daorram
981 3240 1060 3301 atqua
1078 3237 1124 3286 laa-

57 3305 140 3358 tivnm
158 3303 258 3368 lassen,
281 3319 311 3356 so
328 3303 417 3356 wurde
435 3319 494 3355 man
512 3303 567 3357 sich
616 3306 719 3354 minum
732 3303 858 3368 putanda
875 3308 946 3354 aaut.
974 3301 1033 3371 Vgl.
1051 3319 1124 3355 aeae-

58 3373 176 3440 gendtigt
186 3371 265 3424 seben
274 3371 315 3423 die
322 3370 475 3424 Korrektion
485 3371 568 3424 solort
615 3375 705 3439 pimus
720 3371 749 3426 ll.
767 3375 791 3423 7.

57 3440 155 3494 wieder
167 3438 304 3506 karrigiert
315 3440 418 3493 werden
431 3456 463 3492 an
481 3440 567 3492 lassen
652 3438 737 3490 XVlll.
755 3440 795 3491 65.
814 3440 871 3487 eiua
888 3453 982 3502 quam:
1000 3436 1065 3490 xiv,
1084 3440 1125 3492 49.

57 3508 138 3562 durch
158 3507 265 3561 Tamara.
299 3507 567 3574 IlerGedanlrengang
651 3523 737 3573 acque
754 3510 919 3557 uara-aut
933 3505 1013 3567 fidus.
1041 3505 1126 3558 burch

56 3578 91 3631 ist
109 3577 206 3630 dieser:
223 3577 298 3628 Zwar
315 3581 373 3642 sagt
388 3575 485 3628 Ennius
502 3577 568 3628 rich·
619 3576 667 3628 den
681 3575 812 3627 Chiasmus
829 3573 905 3626 kelut
920 3572 962 3625 die
973 3572 1081 3626 Perinde
1093 3591 1126 3626 an

56 3648 102 3713 tig,
122 3646 164 3699 ein
176 3643 277 3697 Frennd
288 3645 406 3697 hewahrt
417 3643 472 3696 sich
484 3645 511 3696 in
523 3644 568 3696 der
617 3645 697 3696 ihrem
713 3643 814 3709 Anlang
831 3641 942 3694 znrdck:
960 3641 1022 3694 Cato
1036 3641 1071 3695 lb
1084 3642 1124 3696 Vl.

57 3714 117 3767 Not.
158 3712 227 3765 Aber
252 3713 320 3766 viele
347 3712 484 3765 bewdhren
511 3713 566 3764 sich
619 3715 658 3764 15.

57 3783 143 3834 nicht:
170 3782 295 3834 vielmehr
318 3781 472 3833 riberirilrren
497 3780 567 3833 diese
651 3779 747 3830 audam
770 3780 850 3830 rebus
871 3781 912 3831 etc
935 3777 976 3830 loir
993 3777 1125 3832 dieselhen

57 3850 152 3904 beiden
168 3848 240 3902 lille
259 3851 333 3917 (baec
351 3850 413 3916 duo)
432 3848 474 3902 die
491 3849 567 3902 meis·
617 3846 1125 3915 Eindrriclreempsanglich(avuuadeiu)

57 3924 101 3972 ten
119 3934 185 3971 new.
459 3953 461 3958 -
617 3915 670 3968 und
695 3930 747 3967 ron
769 3915 850 3969 Natur
877 3915 1065 3984 gleichgesinnt
1091 3918 1126 3969 ist

93 3989 190 4040 autri.
217 3985 267 4038 llas
279 3986 372 4038 aweite
384 3990 433 4038 aut
443 3986 512 4039 steht
529 4002 567 4052 so,
618 3977 797 4054 (ὁμοδοξεῖν).
