2654 4612
133 263 174 322 44
598 258 741 314 bannus.

131 435 242 499 Videtis
265 436 296 500 in
312 434 417 497 tabella
432 435 491 496 iam
505 442 575 495 ante
590 441 701 514 quanta
715 434 754 498 sit
767 434 843 495 iacta
854 432 945 509 labes,
967 431 1069 512 primo
1087 431 1205 494 Gabinia

131 525 212 605 lege,
234 521 355 584 biennio
377 529 474 583 antem
496 528 565 601 post
581 519 686 582 Cassia.
729 520 836 581 Videre
858 520 915 581 iarn
937 517 1041 579 videor
1064 517 1205 598 populum

133 629 150 671 a
178 617 283 671 senatu
309 607 508 680 disiunctum,
535 605 732 667 multitudinis
760 605 881 666 arbitrio
910 623 958 666 res
985 602 1136 665 maximas
1158 603 1206 684 agi.

133 695 238 756 Plures
259 693 339 754 enim
362 693 477 755 discent
498 709 587 771 quem
609 692 646 752 ad
667 691 788 752 modum
809 691 881 751 haec
903 692 989 763 fiant,
1013 707 1109 769 quam
1124 706 1208 768 quem

82 789 111 840 ta
133 780 168 842 ad
199 778 320 840 modum
346 778 392 839 his
421 777 582 838 resistatur.
627 776 776 848 Quorsum
803 773 898 837 haec?
934 774 1009 846 Quia
1031 775 1104 836 sine
1124 775 1210 837 sociis

134 884 222 928 nemo
246 863 408 944 quidquam
429 863 487 924 tale
503 870 636 924 conatur.
680 858 926 941 Praecipiendn'm
946 867 990 922 est
1005 860 1102 940 igitur
1116 859 1209 935 bonis,

133 958 166 1013 nt
195 951 220 1012 si
249 950 280 1010 in
310 947 456 1010 eiusmodi
483 948 625 1009 amicitias
646 947 742 1026 ignari
764 965 832 1008 casu
853 947 952 1026 aliquo
974 945 1155 1020 inciderint,
1178 966 1210 1008 nc

133 1036 304 1098 existiment
331 1034 370 1094 ita
400 1051 432 1094 se
463 1032 613 1112 alligatos,
636 1041 669 1094 nt
690 1031 726 1093 ab
749 1033 850 1094 amicis
871 1032 904 1093 in
926 1048 1032 1110 magna
1057 1031 1211 1112 aliquare

133 1119 329 1202 peccantibus
359 1137 421 1179 non
450 1117 615 1180 discedant:
647 1117 791 1198 improbis
812 1124 911 1180 autem
932 1135 1031 1197 poena
1054 1118 1212 1179 statuenda

134 1216 188 1281 est,
219 1224 276 1266 nec
303 1222 372 1265 vero
400 1203 499 1264 minor
526 1203 562 1265 iis
589 1204 640 1283 qui
667 1203 762 1266 secuti
784 1213 873 1265 erunt
894 1201 1034 1276 alterum,
1064 1221 1161 1282 quarn
1182 1203 1212 1264 iis

135 1292 186 1372 qui
220 1290 276 1370 ipsi
309 1289 424 1351 fuerint
455 1288 612 1369 impietatis
645 1288 745 1350 duces.
789 1289 862 1361 Quis
890 1287 997 1350 clarior
1025 1287 1059 1349 in
1092 1287 1212 1350 Graecia

134 1375 342 1450 Themistocle,
365 1374 432 1454 quis
453 1373 626 1454 potentiori
663 1374 719 1446 Qui
736 1392 805 1436 cum
820 1374 981 1454 imperator
994 1371 1077 1434 bello
1094 1373 1212 1437 Persico

134 1462 274 1525 servitute
297 1459 449 1521 Graeciam
470 1459 660 1535 liberavisset,
682 1468 865 1540 propterque
886 1457 1026 1520 invidiam
1041 1459 1077 1521 in
1093 1459 1211 1522 exilium

134 1547 274 1627 expulsus
296 1553 388 1620 esset;
410 1545 543 1624 ingratae
563 1545 675 1626 patriae
697 1545 835 1607 iniuriam
850 1563 913 1606 non
927 1544 1004 1617 tulit,
1028 1562 1123 1623 quam
1138 1546 1214 1608 serre

134 1632 248 1695 debuit:
271 1632 343 1693 fecit
363 1631 450 1706 idem,
473 1632 553 1711 qnod
575 1648 612 1691 xx
627 1631 714 1693 annis
733 1638 802 1692 ante
816 1631 894 1711 apud
909 1649 965 1692 nos
979 1631 1096 1693 lecerat
1111 1631 1213 1693 Corio·

134 1719 229 1780 lanus.
273 1717 326 1779 llis
347 1716 463 1778 adiutor
485 1726 588 1778 contra
611 1717 736 1796 patriam
758 1717 897 1777 inventus
918 1722 964 1777 est
984 1733 1093 1791 nemo,
1117 1717 1213 1797 itaque

83 1814 113 1866 43
135 1811 261 1864 mortem
284 1802 341 1863 sibi
362 1810 490 1881 uterque
512 1801 663 1864 conscivit.
707 1802 806 1874 Quare
828 1801 894 1863 talis
915 1799 1127 1881 improborum
1143 1822 1213 1865 con·

165 1972 254 2036 primo
272 1984 324 2022 von
347 1969 392 2022 der
413 1968 483 2036 Zeit‚
509 1969 646 2024 sinnverw.
731 1973 773 2022 42.
790 1973 849 2022 stne
859 1971 940 2021 sociis
954 1969 990 2021 ist
1001 1969 1076 2022 wohl
1089 1986 1123 2024 zu
1132 1974 1213 2024 unter-

134 2039 182 2091 mit
197 2039 287 2089 initio.
697 2037 1047 2091 scheidenvonsincamr‘cta.
1057 2037 1213 2093 DerFrennd

171 2106 286 2159 Gabinia
300 2106 442 2158 -Caocin
479 2104 526 2158 bie
544 2107 589 2158 loro
607 2111 647 2158 ta·
698 2106 748 2177 soll
765 2106 821 2159 sich
839 2107 904 2159 eben
921 2105 1001 2159 buten
1019 2107 1063 2159 ein
1081 2111 1211 2161 coctusan

134 2175 246 2227 bellaria
264 2174 310 2227 des
327 2172 458 2228 Tribnnen
476 2173 505 2236 Q.
524 2174 647 2228 Gabinius
696 2174 808 2227 werden.

135 2259 194 2297 vom
210 2242 234 2297 J.
255 2244 303 2296 139
321 2259 346 2296 r.
359 2242 416 2296 Ghr.
434 2242 586 2295 verordnete
603 2258 648 2310 ge·
731 2246 825 2309 ignari
842 2243 1013 2309 casualiquo
1032 2243 1087 2297 wie
1105 2261 1124 2297 a
1139 2261 1211 2313 prae·

133 2313 217 2367 beime
249 2310 429 2379 Abstimmnng
465 2311 563 2364 mittels
601 2311 647 2365 des
697 2314 817 2363 contiboa
834 2326 926 2363 eoram
941 2309 960 2366 1.
970 2313 994 2363 3.

134 2379 368 2434 Stimmtilelchens
391 2381 509 2447 (tabella)
531 2381 574 2432 bei
597 2379 647 2433 den
732 2378 1211 2447 improbisbeeiebtsiehhierebenso,

133 2447 395 2517 blagistmtswahlen‚
418 2448 460 2501 die
478 2448 523 2501 des
540 2449 566 2501 b
584 2447 647 2501 llas·
698 2448 749 2501 wie
766 2449 812 2501 das
829 2446 1038 2514 voransgebende
1052 2451 1141 2515 boum,
1158 2465 1209 2503 vor·

134 2519 188 2570 sins
199 2533 260 2569 vom
271 2516 295 2570 J.
308 2519 354 2572 137
368 2516 487 2570 ancbbei
499 2516 648 2570 denVollrs·
698 2517 843 2584 augsweise
867 2516 912 2568 aul
933 2516 974 2568 die
1001 2515 1145 2585 politisohe
1167 2517 1208 2570 Ge-

134 2585 273 2654 gerichten.
698 2586 810 2651 sinnnng
820 2584 871 2638 und
883 2584 1005 2650 llaltung;
1024 2601 1076 2636 nec
1086 2602 1152 2638 noro
1164 2583 1208 2638 und

159 2655 267 2736 'teum
278 2656 333 2704 iam
344 2653 438 2706 videor
448 2646 649 2720 einesog.a‘›7co-
695 2646 836 2706 ‘lnrwabr'
855 2652 934 2718 nicbt,
951 2653 1002 2704 wie
1021 2652 1070 2707 oft.

133 2720 649 2858 ttttttttttttttttt
697 2721 914 2843 oltmttdt·
928 2719 1039 2843 on⁰¹ll⁸
1055 2720 1206 2854 cli-,iffi

134 2858 166 2910 de
176 2857 217 2910 Or.
227 2857 266 2909 lll.
276 2860 317 2910 53.
327 2860 385 2909 202.
698 2859 739 2912 ein
757 2873 786 2910 so
805 2857 945 2924 machtiger
955 2855 1034 2910 blann
1047 2859 1100 2912 wie
1112 2857 1206 2912 'l'henri-

164 2926 297 2992 populum
312 2924 367 2976 bier
376 2940 428 2978 von
442 2923 492 2977 den
501 2924 647 2992 Optimaten
697 2925 797 2980 stoldes
808 2926 892 2979 nichts
904 2925 949 2978 der
959 2925 1006 2978 Art
1018 2927 1206 2991 nntemebmen,

53 3038 56 3043 .
135 2993 197 3047 oder
212 2992 408 3059 Gntgesinnten,
428 2993 477 3044 wie
494 2993 648 3059 umgelsebrt
698 2994 846 3060 rohhche,
871 2994 931 3047 weil
948 2993 1004 3047 sicb
1021 2993 1085 3048 lrein
1103 2994 1206 3050 Gehhlie

135 3063 180 3114 der
202 3059 280 3113 blann
303 3060 349 3113 des
373 3060 471 3113 Vollres
494 3059 567 3126 (Sall.
594 3061 646 3128 lng.
698 3063 738 3115 tur
755 3063 800 3115 ibn
817 3061 886 3127 land,
903 3063 938 3114 im
951 3062 1206 3130 gleichenFallemit

134 3128 255 3182 LXXXV.
267 3131 308 3194 10)
326 3146 361 3181 cc
373 3130 476 3196 populo
494 3134 552 3196 sngt
567 3147 608 3183 wo
620 3146 647 3184 er
697 3131 828 3195 lloriolan,
847 3131 888 3183 ein
906 3131 1032 3198 tranriges
1049 3131 1133 3186 Ende.

135 3217 170 3251 ea·
184 3199 259 3266 plote
276 3197 364 3254 meint.
731 3198 799 3262 fecit
808 3199 885 3262 idam,
897 3198 921 3251 d
931 3199 956 3251 h.
965 3200 1002 3250 ad
1012 3201 1102 3252 bootes
1112 3217 1140 3252 ao
1151 3215 1206 3253 con·

168 3267 364 3319 multitudinis:
382 3265 546 3321 affelrtvolles
563 3266 648 3336 bsyn-
699 3268 772 3320 tulit.
789 3267 820 3320 ll.
830 3265 938 3320 Marcius
947 3266 1103 3321 Koriolenns
1114 3270 1168 3328 doh
1178 3283 1207 3320 zu

134 3333 221 3389 delon.
698 3338 748 3390 den
766 3335 893 3388 Volslrern
911 3338 959 3390 391
978 3350 1004 3388 v.
1016 3335 1089 3396 Gbr.;
1111 3336 1207 3390 Themi·

167 3409 216 3472 agi
238 3419 283 3457 zur
306 3403 500 3470 Entscbeidung
526 3402 647 3470 gebracht
698 3404 797 3458 stolrles
814 3403 903 3456 wurdc
921 3407 969 3456 4‘11
988 3419 1035 3456 aus
1051 3405 1140 3458 Athen
1156 3420 1207 3458 ver·

133 3474 246 3526 werden.
700 3474 805 3534 trieben,
825 3472 930 3525 verliels
943 3472 1041 3538 J'cdpch
1057 3473 1143 3542 Argos
1160 3477 1207 3526 erst

165 3543 258 3610 plures
274 3540 347 3594 mehr
363 3541 452 3593 Lente.
699 3539 968 3607 einigelabrespdter.
984 3539 1055 3593 Uber
1063 3539 1108 3594 die
1116 3541 1208 3596 lodes-

167 3627 244 3679 quem
261 3610 417 3661 admodum
431 3611 495 3660 baec
508 3608 579 3670 fiant
595 3608 646 3660 wie
697 3615 736 3662 art
753 3608 841 3662 beiden
852 3607 957 3661 blinner
973 3608 1062 3661 lanten
1074 3609 1119 3665 die
1130 3609 1208 3664 Naclr

133 3695 192 3732 man
209 3678 280 3732 diese
297 3677 379 3745 Dioge
397 3677 571 3744 (delereien
594 3675 646 3728 und
696 3678 795 3731 ricbten
812 3676 987 3730 verschieden.

132 3747 274 3810 Umtriebe)
292 3746 405 3813 ansangt.
434 3745 519 3798 llnrcb
531 3745 576 3798 das
588 3760 647 3797 vor·
729 3749 953 3813 itaquo==atque
969 3748 1017 3798 ita.

133 3814 293 3882 aulgebende
311 3817 377 3866 daec
393 3816 427 3867 ist
444 3814 510 3867 daun
529 3812 593 3865 auch
604 3813 646 3866 dio
731 3817 772 3867 43.
790 3814 853 3866 talis
869 3816 1054 3880 improborum
1072 3817 1209 3869 comendo

131 3883 281 3950 Beziebnng
315 3882 360 3936 des
396 3884 437 3934 dis
470 3880 646 3934 volllrommen
697 3897 762 3949 ganz
792 3883 942 3950 sugemem,
973 3882 1100 3936 wihrend
1127 3884 1210 3938 Lalius

133 3949 254 4006 deutlich.
697 3950 932 4018 eigentlicbdavon
946 3965 1134 4022 ausgegangen
1151 3968 1210 4021 war,
1252 3958 1254 4009 l
