2654 4612
215 279 256 338 38
678 276 820 332 Laeuus.

215 469 336 516 sensum
365 451 503 534 diligendi
531 460 562 516 et
583 451 806 514 benevolentiae
833 451 999 525 caritatem,
1033 450 1113 510 facta
1142 449 1283 529 significa

215 539 298 600 tione
320 537 481 619 probitatis.
527 538 621 610 Quam
638 538 688 618 qui
706 537 922 619 appetiverunt,
945 534 1093 617 applicant
1110 554 1147 597 se
1171 543 1203 596 et
1223 553 1283 616 pro

215 625 283 704 pius
300 624 463 699 admovent,
482 632 515 686 ut
531 633 562 686 et
579 643 635 686 usu
652 624 715 686 aius
733 642 821 703 quem
832 622 954 702 diligere
969 629 1139 701 coeperunt
1154 621 1283 683 fruantm

215 718 245 771 et
265 709 412 773 moribus:
436 711 554 790 sintque
569 728 656 790 pares
669 709 700 770 in
724 727 824 772 amore
847 717 876 770 et
889 707 1036 787 aequales,
1057 707 1283 787 propensiores

216 815 273 875 que
294 797 329 858 ad
350 796 429 858 bene
450 794 625 857 merendum
651 813 740 875 quam
768 796 804 856 ad
831 791 1066 875 reposcendum,
1095 801 1191 872 atque
1221 793 1282 854 liaeo

213 881 293 943 inter
313 901 364 945 eos
378 882 416 945 sit
430 882 555 944 honesta
570 881 701 943 certatio.
738 881 787 942 Sic
802 889 833 942 et
846 880 986 942 utilitates
1000 897 1036 940 ex
1050 877 1186 941 amicitia
1199 878 1283 941 maxi

213 985 278 1029 mae
300 968 465 1048 capientur,
488 975 518 1028 et
539 967 595 1029 erit
616 968 679 1029 eius
701 974 784 1028 ortus
800 984 817 1027 a
834 975 939 1027 natura
960 983 1047 1044 quam
1070 964 1107 1025 ab
1132 963 1283 1026 imbecilli

213 1061 273 1114 tate
294 1053 409 1131 gravior
431 1060 461 1114 et
481 1052 588 1114 verior.
632 1053 705 1113 Nam
727 1053 751 1115 si
772 1051 882 1114 utilitas
901 1050 1040 1112 amicitias
1055 1049 1283 1128 conglutinaret,

213 1137 317 1199 eadem
350 1146 529 1200 commutata
556 1138 741 1200 dissolveret:
775 1136 827 1200 sed
855 1136 923 1217 quia
951 1143 1058 1197 natura
1085 1136 1201 1198 mutari
1230 1153 1282 1198 noa

213 1230 321 1304 potest,
336 1222 447 1285 idcirco
461 1242 547 1286 verae
561 1223 704 1285 amicitiae
720 1223 917 1302 sempiternae
932 1229 1010 1284 sunt
1041 1221 1155 1283 Ortum
1171 1220 1283 1302 quiden

214 1308 358 1370 amicitiae
386 1309 502 1385 videtis,
535 1310 592 1372 nisi
622 1310 693 1390 quid
719 1310 754 1371 ad
782 1310 855 1371 haec
877 1309 953 1370 sorte
973 1306 1070 1369 vultis.
1115 1304 1283 1370 Faunine

215 1393 260 1455 Tu
275 1413 344 1456 vero
359 1413 460 1476 perge,
482 1395 572 1457 Laeli.
616 1396 675 1457 Pro
690 1395 747 1457 hoc
763 1394 852 1470 enim,
875 1394 926 1472 qui
941 1393 1041 1455 minor
1054 1400 1100 1455 est
1114 1402 1204 1470 natu,
1227 1410 1283 1456 mco

162 1487 191 1540 aa
212 1478 277 1542 iure
292 1480 468 1561 respondeo.
513 1482 710 1543 Sosnvonn.
744 1480 835 1542 Recte
849 1487 882 1542 tu
898 1479 1026 1560 quidem.
1055 1477 1283 1549 Quamobrem

212 1565 373 1629 audiamus.

298 1651 333 1712 x.
355 1651 526 1714 Lnnmns.
559 1652 666 1733 Audite
680 1669 760 1726 vero,
776 1649 879 1732 optimi
893 1649 957 1724 viri,
973 1668 1008 1712 ea
1022 1667 1099 1729 quae
1113 1651 1282 1732 saepissima

213 1735 361 1799 interme
383 1746 413 1799 et
434 1737 605 1818 Scipionem
626 1738 663 1799 de
685 1736 810 1799 amicitia
835 1736 1063 1798 disserebantur.
1107 1735 1283 1818 Quanquam

213 1853 272 1905 dem
284 1853 428 1922 cesprtehe
445 1855 515 1907 wire
532 1854 724 1908 milsverstind-
773 1853 874 1906 welche
883 1852 924 1905 die
933 1851 1118 1905 Freundschalt
1127 1868 1284 1907 mmmmm·

214 1920 275 1974 liclr.
773 1922 877 1990 lumen,
901 1937 931 1974 so
949 1919 1056 1974 wfirden
1073 1920 1150 1975 diese
1169 1923 1209 1976 eie
1227 1922 1283 1976 auci

247 1989 412 2056 aa'grna‘fioata'o
429 1990 616 2059 llondgebung.
774 1990 946 2055 aulldsen).

249 2061 449 2142 appepomnt:
467 2075 500 2113 zu
516 2060 610 2144 quat
620 2058 662 2111 lV.
681 2062 722 2113 15.
797 2060 844 2143 ‚ad
851 2057 1041 2140 MeaUnimlich
1054 2058 1284 2141 respondeaeodtt

213 2127 723 2264 ...attatttttcattatct
773 2123 1283 2263 antrautattstttlr

212 2264 314 2318 hiereo
331 2265 418 2332 wenis
436 2265 475 2319 als
493 2266 499 2278 “
532 2265 626 2319 endwo
638 2279 722 2332 gegen
772 2265 870 2316 Dicere
887 2263 925 2316 ad
940 2264 1047 2346 aliquid
1062 2263 1097 2316 ist
1114 2265 1229 2318 mildae
1242 2263 1283 2317 Be·

212 2333 255 2386 die
266 2332 348 2401 Logilt
359 2334 489 2388 veretdlst.
539 2334 664 2388 skommt
674 2349 722 2386 nnr
772 2333 916 2414 zeichnunq
932 2331 973 2384 liu
999 2324 1098 2398 gegen'
1115 2337 1218 2400 etwas,
1239 2333 1282 2386 wie

213 2401 305 2454 darauf
324 2419 371 2468 an,
399 2403 449 2456 den
470 2402 652 2470 verndnltigen
674 2402 723 2454 Ge·
771 2402 886 2454 belum
918 2392 1020 2452 daraul’
1043 2399 1112 2452 habe
1135 2401 1182 2454 ich
1206 2405 1283 2456 etwas

213 2470 378 2539 sichtspnnltt
393 2487 426 2525 zu
437 2470 532 2525 finden.
558 2462 614 2524 ‘Sic
630 2470 722 2523 schlic-
772 2485 804 2523 an
817 2468 957 2521 erwidern:
974 2467 1030 2522 niv.
1039 2467 1068 2520 ΙΙ.
1078 2469 1130 2523 3.8
1144 2470 1282 2523 diaeum

213 2537 269 2590 lsen
287 2539 343 2591 sich
354 2554 387 2591 an
398 2539 451 2592 und
462 2539 559 2593 adelren
571 2541 612 2604 (zu
624 2539 721 2592 diesem
773 2543 812 2590 eat
823 2539 892 2589 mihi
903 2536 940 2588 od
950 2553 981 2589 ea
990 2552 1060 2604 quoe
1068 2554 1085 2588 a
1096 2539 1209 2592 terdicta
1218 2541 1283 2591 auat

212 2605 335 2673 Zweclre)
344 2598 439 2662 niher’.
458 2607 534 2676 Verg.
543 2607 608 2663 Aen.
617 2608 646 2660 ll.
657 2609 720 2662 353:
805 2621 864 2658 meo
875 2609 936 2657 iure
948 2605 1013 2659 nach
1022 2604 1081 2658 dem
1089 2606 1140 2658 mir
1148 2608 1283 2661 zustehen

212 2679 364 2726 morianna·
384 2680 412 2726 et
431 2675 538 2739 (diesem
555 2676 722 2729 Entsclrlusse
771 2673 821 2728 den
838 2674 943 2727 Rechte.

214 2743 321 2808 gemala)
338 2746 369 2794 iu
385 2745 473 2795 meda
491 2760 567 2796 arma
584 2761 704 2798 numus.
806 2742 837 2795 ll.
856 2744 897 2797 33.
909 2742 1011 2794 Audite
1022 2757 1087 2794 vero
1099 2741 1223 2797 schliefet
1233 2741 1282 2824 aial

212 2811 674 2947 ..t‘ttttlt'tt't'ltttdt
690 2817 723 2933 ll
773 2810 1282 2946 lttttttttlfi'ttatttt‘tlt

213 2948 306 2998 animi.
773 2963 820 3016 gar
836 2947 907 3000 nicht
923 2947 1081 3003 norhanden.

246 3015 506 3094 poree-aequales:
516 3015 573 3068 dats
582 3016 637 3068 ihre
645 3016 722 3070 Liebe
808 3018 904 3083 optimi
914 3019 968 3067 otri
979 3016 1025 3068 mit
1038 3014 1283 3071 besondererllllclr-

214 3083 299 3150 glenah
317 3084 388 3135 stark
405 3081 457 3136 und
474 3099 526 3138 von
561 3084 658 3137 leichet
674 3085 724 3139 Be·
773 3084 840 3138 eicht
857 3084 903 3138 anf
919 3083 960 3137 die
995 3083 1281 3152 olitischeGesinnnnss.

214 3149 383 3204 sehaffenlaeit
394 3152 432 3205 sei
446 3154 508 3220 (rgl.
520 3099 585 3207 llll.
599 3155 649 3220 56),
667 3152 722 3206 dass
773 3152 819 3205 Die
843 3101 994 3222 patriotiscd
1020 3153 1158 3219 gesinnten
1181 3153 1282 3206 Minue

214 3219 252 3272 eie
274 3220 301 3272 in
329 3218 374 3272 der
396 3221 473 3274 liebe
499 3221 589 3274 immet
613 3222 723 3289 rolliger
773 3221 856 3274 sollen
874 3221 962 3285 lieren,
979 3219 1282 3276 wiedieFreundschalt

214 3287 328 3343 werden.
773 3289 1282 3357 vorallenllingennichtunpatrictisal

248 3358 285 3409 ad
301 3360 365 3408 bane
375 3358 531 3410 merendum
542 3374 622 3424 quam
634 3358 723 3411 adre-
773 3356 884 3411 handeln
905 3356 989 3411 duale:
1010 3357 1052 3413 XI.
1066 3357 1118 3411 ΧΠ.
1146 3357 1206 3426 Vgl.
1224 3359 1282 3412 (lato

129 3460 131 3466 .
208 3427 373 3546 poeaplptdum
396 3426 451 3528 slep
473 3426 590 3480 verdient
611 3426 650 3480 als
667 3427 723 3481 sich
773 3425 1068 3547 Mduxlllddhdapasspitlp
1084 3428 1283 3562 mtgnioopffm

194 3510 276 3547 eze
333 3511 364 3548 zu
382 3510 497 3549 maaian.
774 3511 791 3547 a
853 3511 914 3547 saera
973 3511 988 3547 e
1067 3510 1117 3547 ann
1194 3514 1202 3548 :
1243 3511 1283 3548 aaa

247 3555 312 3615 laceo
330 3554 411 3616 ‘dies'
437 3567 479 3629 (ut
506 3568 562 3615 aiut
582 3581 665 3632 parea
691 3567 722 3615 a'n
768 3534 1283 3633 patuaepraaiuaaas,unermpa

213 3647 304 3695 amore
321 3636 348 3682 et
363 3633 499 3700 aequales,
520 3636 722 3700 propensiores·
772 3633 904 3683 bla'carum
916 3635 1072 3697 mersiones,
1086 3633 1151 3684 ltine
1166 3649 1229 3686 auara
1242 3635 1283 3685 aa

214 3716 264 3766 qaae
281 3700 339 3766 etot
374 3700 529 3755 Attraktion.
772 3700 1034 3752 stibuselaudestiua
1047 3701 1185 3768 colloquia
1201 3703 1283 3756 nasot

247 3769 353 3820 utilitas
371 3769 415 3822 hat
430 3769 518 3822 seinen
531 3769 674 3836 Gegensatz
686 3769 722 3820 im
807 3771 1007 3821 disserebantur
1023 3785 1074 3821 ron
1087 3769 1147 3823 dem
1159 3785 1216 3824 was
1233 3765 1283 3838 ‘gc

213 3837 448 3904 vorhergelrenden,
467 3839 669 3904 conglutinarat
684 3851 723 3888 er·
773 3829 968 3904 sprdcheweise'
985 3836 1138 3891 verhandelt
1156 3839 1256 3893 warde.

214 3904 269 3956 halt
279 3906 325 3957 ihn
335 3909 387 3958 eret
399 3907 425 3957 in
438 3906 600 3958 dissoluerat.
618 3904 722 3972 (Wiren
808 3907 967 3974 Quanquam
978 3905 1028 3972 (lx.
1038 3909 1082 3972 29)
1096 3906 1228 3976 begegnet
1241 3907 1286 3974 der

214 3971 723 4041 esNutaliclnkeitsrdclrsialrten,
773 3972 926 4043 Erwartnng
952 3974 991 4028 ale
1016 3975 1088 4028 scien
1121 3976 1165 4029 die
1192 3977 1284 4031 heided
