2654 4612
573 297 715 353 LAELlUS.
1139 297 1177 357 75

107 469 202 532 rebus
229 469 305 530 fietis
335 477 363 530 et
392 469 570 532 adumbratis
595 471 652 532 loei
680 471 841 550 plurimum
867 479 927 544 est,
957 480 1055 533 tamen
1078 490 1180 533 verum

106 555 197 628 valet,
220 554 353 616 simodo
376 555 404 615 id
426 555 604 634 patefactum
619 564 648 616 et
666 556 840 618 illustratum
864 564 922 617 est:
945 557 1016 635 quid
1031 558 1063 618 in
1079 557 1178 619 amiei-

106 640 151 702 tia
173 640 237 701 lieri
261 639 386 720 oportet,
410 658 484 718 quae
506 649 567 702 tota
588 641 710 702 veritate
730 639 946 721 perpenditur?
983 642 1017 703 ln
1041 661 1098 722 qua
1113 643 1179 717 nisi,

106 734 144 787 ut
157 725 275 799 dieitur,
291 733 424 804 apertum
439 733 542 804 peetus
557 725 655 787 videas
669 735 813 805 tuumque
827 727 979 802 ostendas3
996 727 1069 788 nihil
1086 729 1178 789 lidum

106 811 185 873 nihil
208 810 391 889 exploratum
413 810 528 884 habeas,
552 830 591 871 ne
612 829 711 872 amare
734 811 852 890 quidem
874 812 1045 886 autumari,
1068 831 1136 874 eum
1150 813 1179 874 id

107 910 200 975 quam
229 914 295 957 vere
324 895 375 955 fiat
396 895 525 974 ignores.
569 896 746 975 Quanquam
776 896 830 957 ista
852 898 1026 970 assentatio,
1050 898 1179 976 quamvis

106 981 278 1062 perniciosa
305 980 356 1053 sit,
387 998 496 1042 nocere
517 988 614 1042 tamen
639 981 752 1042 nemini
774 990 872 1060 potest
893 980 949 1042 nisi
971 983 1012 1055 ei,
1042 983 1092 1061 qui
1115 1001 1179 1043 earn

105 1065 217 1144 recipit
242 1073 329 1144 atque
352 1084 386 1126 ea
409 1066 577 1126 delectatur.
622 1065 665 1127 lta
687 1069 720 1127 lit
741 1074 775 1128 ut
797 1066 821 1128 is
843 1067 1074 1128 assentatoribus
1095 1076 1178 1147 pate·
1270 1080 1273 1085 ·

99 1148 198 1212 ’ἠοῖαι
219 1168 304 1211 aures
326 1169 394 1211 suas
414 1151 549 1225 maxime,
572 1152 623 1229 qui
645 1152 708 1231 ipse
731 1150 786 1212 sibi
809 1160 976 1213 assentetur
998 1160 1027 1212 et
1040 1171 1072 1213 se
1088 1152 1178 1213 maxi·

105 1254 157 1296 me
179 1236 242 1315 ipse
266 1235 399 1297 delectet.
444 1237 574 1297 Omnino
596 1246 639 1297 est
661 1255 762 1297 amans
776 1236 822 1297 sui
843 1236 948 1311 virtus;
973 1238 1082 1316 optime
1101 1239 1180 1298 enim
1201 1245 1229 1296 98

107 1339 143 1384 se
165 1321 229 1400 ipsa
251 1321 340 1392 norit,
364 1338 511 1400 quamque
534 1320 666 1382 amabilis
688 1322 727 1383 sit
748 1321 899 1399 intelligit:
922 1339 977 1399 ego
1000 1331 1178 1384 autemnon

106 1405 149 1468 ‘de
177 1405 286 1466 virtute
314 1424 396 1466 nune
425 1405 545 1485 loquor,
580 1407 632 1468 sed
661 1406 697 1467 de
726 1406 842 1467 virtutis
871 1407 1021 1484 opinione.
1065 1407 1179 1469 Virtute

63 1504 74 1516 ·
105 1491 190 1552 enim
219 1491 281 1571 ipsa
312 1509 372 1550 non
401 1499 461 1551 tam
489 1492 575 1553 multi
605 1491 729 1570 praediti
759 1509 823 1552 esse
845 1509 932 1569 quam
955 1491 1045 1552 videri
1066 1493 1179 1554 volunt.

106 1575 172 1638 llos
187 1576 312 1636 delectat
332 1577 506 1652 assentatio;
529 1577 574 1637 his
588 1578 674 1637 fietus
689 1576 725 1636 ad
740 1576 873 1655 ipsorum
887 1577 1064 1637 voluntatem
1081 1596 1178 1638 sermo

106 1678 178 1722 cum
201 1660 369 1733 adhibetur,
392 1662 558 1722 orationem
580 1660 658 1722 illam
680 1679 784 1721 vanarn
806 1661 1008 1722 testimonium
1031 1681 1095 1723 esse
1117 1664 1179 1723 lau-

107 1746 181 1806 dum
203 1764 321 1806 suarum
344 1754 460 1826 putant.
503 1747 587 1808 Nulla
602 1755 647 1807 est
661 1746 751 1825 igitur
765 1747 838 1807 haee
859 1746 995 1821 amicitia,
1018 1765 1084 1808 cum
1107 1747 1181 1808 alter

106 1849 212 1891 verum
235 1831 335 1892 audire
357 1850 418 1893 non
440 1832 510 1905 vult,
533 1832 606 1892 alter
620 1831 655 1891 ad
670 1831 873 1891 mentiendum
888 1841 1006 1910 paratus
1022 1842 1074 1893 est.
1118 1833 1179 1893 Neo

106 1916 306 1997 parasitorum
344 1916 374 1976 in
409 1917 568 1978 comoediis
597 1917 755 1978 assentatio
783 1917 876 1976 faceta
906 1916 992 1978 nobis
1020 1918 1178 1992 videretur,

108 2000 169 2062 nisi
192 2009 291 2062 essent
313 2001 420 2062 milites
441 2001 570 2081 gloriosi.

142 2133 197 2184 leet
213 2130 365 2198 Spielranm.
669 2132 727 2185 Man
738 2137 808 2185 setze
818 2133 858 2185 fur
870 2133 919 2185 den
933 2135 1179 2198 zusammengesetz·

142 2205 265 2266 apertum
289 2207 381 2266 poetae
407 2202 497 2253 videre
521 2203 547 2254 in
573 2202 618 2254 das
669 2205 711 2252 ten
731 2200 920 2267 Verbalbegriff
939 2203 1014 2253 einen
1038 2200 1179 2264 eiulaehen,

105 2267 172 2320 llerz
190 2269 276 2320 seben.
669 2284 691 2321 z.
703 2268 733 2320 B.
751 2269 887 2331 excultare,
905 2268 958 2319 und
975 2267 1060 2335 prule:
1084 2267 1181 2319 konnte

142 2336 618 2403 tuumqueertendusniml.apertum.
669 2352 697 2388 es
709 2337 774 2389 auch
792 2336 954 2388 ereeellere
976 2350 1056 2400 quam
1074 2336 1182 2386 uideri

142 2408 231 2454 amari
247 2403 409 2470 Gegenliebe.
670 2418 705 2456 se.
723 2404 852 2456 excellere
869 2403 986 2456 heilsent

144 2487 203 2522 eum
221 2472 251 2522 id
267 2489 346 2538 quam
363 2490 424 2524 uere
440 2472 619 2539 fiatigneree.

107 2539 192 2593 Sollte
215 2541 246 2602 id
268 2539 532 2605 Subjektsnominatir
555 2543 618 2607 sein,

105 2623 137 2660 so
151 2609 223 2660 little
236 2609 290 2661 hier
302 2608 346 2660 der
358 2607 419 2661 Sinu
437 2608 620 2663 dieWortstel-

106 2677 171 2743 luug
189 2692 268 2742 quam
290 2677 320 2728 id
335 2693 396 2728 aere
416 2677 467 2739 fiat
488 2677 618 2745 verlengt:

106 2744 161 2810 vgl.
181 2761 261 2810 quam
278 2745 308 2795 id
322 2750 393 2796 reete
409 2745 510 2806 faeiem
527 2745 618 2801 111.1o.

100 2811 143 2864 'So
156 2813 191 2864 ist
203 2812 244 2863 die
257 2811 337 2864 Stelle
350 2813 414 2865 nach
427 2811 558 2880 blassgabe
574 2815 618 2867 des

107 2878 366 2932 Terenzisehenretn'
375 2897 417 2932 me
424 2884 455 2932 io
467 2885 561 2947 quihus
569 2887 619 2932 rim

104 2949 218 3014 gaudiis
235 2947 307 3012 (Eun.
318 2947 348 3001 ll.
359 2952 382 3003 9.
393 2953 417 3015 5)
440 2965 471 3001 zu
490 2950 620 3002 erkliren:

106 3016 376 3137 {gvlilpgepieiuntur
394 3034 474 3084 quam
485 3022 540 3069 rint
554 3019 622 3070 leues

142 3153 242 3217 recipit
254 3144 291 3202 ‘in
309 3153 365 3204 sein
382 3144 454 3204 llerz'
473 3152 619 3205 aulnimmt:

106 3222 282 3286 accipiuntur
313 3221 414 3284 ablata,
446 3224 621 3287 euripiunmr

105 3291 252 3352 venientia,
278 3291 447 3354 recipiuntur·
467 3305 602 3340 munnere.

143 3357 185 3410 98.
205 3348 490 3423 Omnino‘allerdings':
502 3356 618 3422 augleieh

105 3423 236 3488 bejehenrl
254 3424 305 3477 und
323 3424 494 3476 einriumend.

143 3493 176 3543 de
192 3497 301 3543 uirtutis
319 3494 445 3559 opinione
457 3508 509 3544 von
520 3484 620 3559 ‘einge-

104 3550 229 3613 b'ildeter'
250 3559 370 3626 lugeri:
397 3559 487 3612 anders
511 3563 620 3612 virtutis

105 3632 200 3694 opinio
217 3627 259 3680 lll.
269 3631 309 3682 37.

104 3693 621 3831 ut’t‘ttlttthtttttltttrt

104 3832 219 3886 sondern
241 3833 402 3898 praediti
425 3847 478 3882 esre
495 3830 547 3882 und
571 3834 621 3883 vi-

103 3902 179 3954 deri
191 3916 227 3953 sc.
237 3900 357 3966 praediti
367 3916 420 3950 erre
432 3900 523 3952 slehen
535 3899 621 3952 einan-

104 3969 153 4022 der
164 3965 318 4037 g'egenirber.
335 3968 382 4020 uie
391 3967 475 4020 Probe
486 3968 522 4019 ist
532 3967 619 4022 leicht.

703 2489 847 2540 adhibetur
858 2488 1021 2555 aulgetiseht,
1036 2487 1114 2539 deruit
1127 2488 1182 2539 nul-

670 2560 794 2623 gewartet
811 2556 883 2608 wird.

705 2625 813 2675 laudum
829 2639 939 2676 suarum
956 2624 1023 2675 ihrer
1037 2622 1164 2688 Vorziige.

704 2725 794 2760 omna
812 2710 907 2759 audire
927 2724 982 2759 non
1006 2709 1074 2758 uult:
1093 2705 1180 2759 XXIV.

670 2780 703 2831 90
720 2782 752 2829 ut
768 2793 860 2829 emm
877 2777 973 2828 audire
989 2781 1109 2842 nequeat.

704 2861 834 2914 Nee-in
844 2862 993 2913 comoediis.
1007 2860 1081 2912 Sinn:
1095 2858 1182 2912 Selhsl

671 2932 698 2981 in
725 2930 769 2982 der
792 2929 916 2982 Komodie
942 2928 1041 2981 kommt
1067 2943 1115 2981 uns
1141 2928 1182 2980 die

673 2997 857 3051 Schneiehelei
882 3014 929 3050 nur
953 2996 1020 3048 (lanu
1044 2997 1109 3063 ertig
1126 3012 1182 3062 vor,

671 3081 748 3119 wenn
772 3066 810 3118 sie
832 3081 915 3132 gegen
937 3065 1090 3117 licherliehe
1112 3062 1183 3116 blen-

671 3135 750 3186 sohen
771 3133 940 3201 angewendet
957 3132 1030 3186 wird.
1251 3148 1253 3151 ·

704 3220 938 3285 militerglorieri:
956 3218 1007 3269 wie
1019 3217 1096 3270 deren
1108 3217 1183 3268 einen
1255 3258 1260 3266 ,

670 3285 777 3340 Plautus
795 3288 821 3338 in
842 3287 938 3338 seinem
957 3285 1032 3336 Mtlee
1046 3287 1183 3351 glor-ieeur

670 3354 840 3420 (Bramarbas)
863 3353 1019 3421 gezeiehnet.
1063 3352 1109 3404 Die
1130 3352 1183 3403 An-

670 3423 790 3490 spielnng
805 3423 840 3474 ist
856 3419 1058 3484 nuverlrennbar,
1077 3420 1122 3472 des
1135 3419 1184 3471 lol-

671 3490 753 3558 gende
765 3490 831 3543 (litet
843 3489 904 3542 eber
915 3503 961 3541 aus
973 3488 1032 3540 dem
1044 3487 1183 3540 Eunuchen

671 3558 716 3610 des
734 3556 831 3610 Terenz
847 3556 887 3610 lll.
907 3560 973 3621 1.1,
997 3571 1039 3607 wo
1057 3555 1183 3608 ebenlalls

672 3627 712 3678 ein
725 3624 875 3677 Bremerbas
888 3624 998 3676 Namens
1010 3623 1108 3676 Thraso
1122 3625 1182 3689 (von

671 3688 789 3774 θρασύς,
807 3693 862 3745 also
880 3692 980 3756 Khhne)
999 3691 1107 3756 enitritt‚
1131 3690 1182 3743 und

672 3777 759 3814 sennen
772 3760 952 3824 Senmetenler,
970 3759 1018 3812 deu
1031 3761 1127 3812 bereits
1144 3774 1184 3810 er-

672 3830 792 3882 wirhnten
814 3828 928 3892 Gnatho,
952 3828 1019 3895 iragt
1044 3827 1094 3879 wie
1112 3826 1182 3879 selue

671 3896 787 3950 Geliebte
804 3897 883 3949 'l'heis
901 3896 946 3948 das
968 3897 1007 3948 ihr
1029 3895 1183 3948 noersandte

671 3965 807 4018 Gesehenls
823 3965 1019 4033 autgenommen
1037 3964 1111 4017 hehe.
