2648 4606
155 252 194 310 56
617 249 759 304 tarmus

154 443 208 488 nes
229 423 430 504 diligentiores
453 431 568 487 essent:
590 442 693 506 capras
715 432 744 486 et
766 442 835 485 oves
856 432 929 503 quot
950 425 1083 506 quisque
1106 426 1218 490 haberet

154 510 252 572 dicere
273 528 371 591 posse,
392 509 501 573 amicos
522 518 595 589 quot
615 509 737 572 haberet
760 529 820 570 non
836 529 923 590 posse
938 511 1056 588 dicere3
1081 520 1113 573 et
1128 512 1161 574 in
1175 512 1219 577 tlh

154 594 273 677 quidem
288 595 425 677 parandis
438 594 575 657 adhibere
595 613 705 670 curam,
728 595 758 656 in
775 593 875 658 amicis
896 596 1040 676 eligendis
1065 597 1220 678 neglegere

153 689 199 744 tes
217 701 292 760 esse,
314 701 370 744 neo
391 680 499 744 habere
520 682 603 761 quasi
624 681 708 760 signa
729 682 872 760 quaedam
887 690 917 743 et
930 690 1026 758 notas,
1051 683 1168 762 quibus
1181 703 1220 747 eos

154 768 206 848 qui
227 768 264 830 ad
284 767 426 830 amicitias
447 774 547 828 essent
567 766 666 829 idonei
687 767 861 829 iudicarent.
905 767 983 830 Sunt
996 767 1094 848 igitur
1109 770 1220 832 firmiet

154 852 274 916 stabiles
289 862 319 918 et
333 860 502 915 constantes
517 851 652 930 eligendi,
673 853 757 915 cuius
771 853 888 933 generis
902 861 947 915 est
960 871 1071 933 magna
1087 857 1220 936 penuria

154 947 184 1001 et
204 939 333 1001 iudicare
354 937 471 999 difficile
492 945 536 1000 est
554 957 626 1000 sane
640 937 698 1000 nisi
713 947 875 1018 expertum,
897 939 1117 1019 experiendum
1132 950 1221 1004 anton

155 1034 200 1087 cst
218 1025 250 1087 in
270 1025 334 1104 ipsa
354 1022 495 1084 amicitia:
517 1023 557 1084 ita
582 1024 747 1105 praecurrit
767 1024 892 1085 amicitia
914 1024 1067 1102 iudicium,
1091 1026 1220 1106 tollitque

104 1123 133 1174 63
155 1109 325 1191 experiendi
338 1115 522 1189 potestatem.
552 1109 605 1171 Est
619 1108 709 1190 igitur
722 1109 877 1191 prudentis
888 1110 1036 1172 sustinere
1046 1119 1085 1173 ut
1095 1130 1221 1188 currum

153 1195 196 1258 sio
211 1195 354 1275 impeturn
369 1193 606 1256 benevolentiae:
630 1214 689 1276 quo
708 1204 826 1257 utamur
840 1195 923 1274 quasi
938 1195 1022 1274 equis
1036 1198 1175 1270 tentatis,
1189 1199 1222 1261 sic

154 1279 280 1342 amicitia
307 1279 403 1358 aliqua
431 1287 515 1360 parte
536 1279 706 1360 periclitatis
727 1281 859 1342 moribus
880 1281 1053 1343 amicorum.
1102 1283 1222 1356 Quidam

153 1383 241 1446 saepe
261 1364 290 1426 in
311 1383 399 1445 parva
419 1365 545 1444 pecunia
563 1365 784 1446 perspiciuntur
805 1384 892 1447 quam
912 1366 972 1428 sint
985 1366 1085 1445 leres3
1110 1370 1222 1448 quidam

153 1459 264 1526 autem,
288 1470 362 1531 quos
383 1469 472 1530 parva
491 1469 609 1512 movere
625 1471 686 1513 non
700 1452 806 1533 potuit,
822 1461 1046 1532 cognoscuntur
1059 1454 1095 1516 in
1112 1473 1221 1534 magna

155 1535 207 1599 Sin
223 1543 312 1599 erunt
325 1535 415 1616 aliqui
429 1536 550 1617 reperti,
565 1536 617 1615 qui
630 1537 787 1617 pecuniam
801 1539 951 1617 praeferre
968 1538 1118 1601 amicitiae
1134 1540 1221 1603 sordi-

154 1623 225 1684 dum
240 1621 421 1684 existiment:
443 1620 495 1683 ubi
518 1641 568 1684 eos
589 1622 782 1697 inveniemus,
805 1623 856 1702 qui
872 1623 1003 1685 honores
1023 1626 1221 1704 magistratus,

155 1707 278 1789 imperia
299 1714 460 1788 potestates
482 1726 553 1789 opes
575 1707 718 1769 amicitiae
740 1727 800 1768 non
824 1716 1018 1789 anteponant,
1041 1717 1076 1771 ut
1100 1729 1169 1773 cum
1192 1730 1222 1773 ex

154 1793 245 1854 altera
274 1800 357 1873 parte
378 1793 529 1874 proposita
550 1794 623 1855 haec
645 1793 720 1868 sint,
749 1793 897 1855 exaltem
918 1794 964 1856 ius
985 1794 1143 1873 amicitiae,
1166 1816 1221 1858 non

153 1877 245 1940 multo
265 1878 313 1940 illa
328 1876 452 1940 malint?
488 1876 636 1940 Imbecilla
651 1878 731 1939 enim
746 1887 790 1940 est
804 1887 909 1941 natura
923 1881 958 1942 ad
973 1883 1221 1944 contemnendam

152 1963 329 2046 potentiam:
353 1982 440 2043 quam
462 1963 573 2025 etiamsi
595 1964 730 2045 neglecta
751 1964 877 2026 amicitia
897 1965 1049 2027 consecuti
1071 1966 1150 2044 sint,
1174 1969 1221 2029 ob-

153 2056 304 2112 scuratum
318 2049 354 2111 iri
369 2049 552 2111 arbitrantur
573 2050 641 2129 qnia
656 2069 724 2112 non·
733 2050 798 2111 sine
811 2069 918 2131 magna
934 2069 1022 2113 causa
1035 2051 1074 2112 sit
1089 2054 1222 2133 neglecta

103 2149 132 2200 64
152 2135 287 2198 amicitia.
330 2135 433 2215 ltaque
452 2153 538 2197 verae
559 2135 702 2198 amicitiae
723 2136 892 2200 difficillime
914 2136 1108 2218 reperiuntur
1131 2138 1219 2214 iniis,

154 2221 252 2303 quiin
271 2221 436 2284 honoribus
447 2239 539 2300 reque
550 2221 667 2301 publica
677 2230 840 2284 versantur.
872 2221 928 2284 Ubi
941 2223 1020 2284 enim
1038 2221 1130 2286 istum
1142 2224 1220 2287 inve·

186 2375 266 2493 iligna
278 2371 464 2440 Kcnnzeichen‚
481 2376 562 2424 notae
574 2370 659 2425 Merh-
713 2371 894 2494 {ndtwhalndhell
908 2389 941 2494 etp
958 2372 1073 2439 denhen,
1098 2375 1173 2429 nicht
1189 2347 1220 2428 ari

153 2455 194 2494 rna
207 2457 229 2495 e.
737 2456 764 2494 es
777 2457 806 2494 ec
834 2457 858 2494 rc
895 2457 919 2493 er

152 2507 662 2644 unixi.mit.mail.liatcpieeitaiscciiil.esma8k”
746 2510 1221 2648 iiipoiitaiiintvorhugengestellt

187 2649 230 2700 63.
239 2649 370 2698 sustinere
379 2645 519 2713 anshalmo,
530 2646 662 2700 hemmen:
715 2646 779 2700 sind.

152 2713 662 2782 abernichtcemcmundimpetumsind
747 2716 832 2767 multo
849 2730 940 2782 wegen
957 2715 1003 2769 des
1019 2717 1046 2768 in
1057 2717 1158 2770 malint
1169 2719 1220 2770 ent·

153 2782 273 2835 einander
286 2783 544 2851 gegenirbergestellt,
554 2784 664 2837 sondern
714 2784 835 2837 haltenen
851 2782 1132 2852 Komparativbegriffe.

151 2851 665 2918 commmundimpatambeneuolentiae
749 2855 917 2904 obscuratum
940 2856 979 2904 iri
1000 2853 1055 2905 dale
1079 2869 1108 2905 es
1132 2854 1221 2920 (durch

151 2944 186 2985 ·..·=
206 2923 326 2999 mentem
349 2921 427 3002 poesi
443 2921 664 2998 ‘benevolentiam
715 2921 764 2973 den
781 2920 861 2973 Glanz
884 2921 930 2973 des
946 2921 1094 3002 Eplanpten)
1112 2923 1221 3003 verdun-

152 2986 480 3119 lltttiltlt‘hlh
496 2987 665 3110 ilidii
714 2989 1088 3136 lllttlttatlttttli
1097 2991 1221 3112 illic

153 3124 228 3191 (nach
237 3124 281 3176 der
289 3124 376 3178 hesart
386 3124 664 3204 cereumltzusammen.
714 3125 868 3194 schrerbung
885 3126 930 3179 des
947 3125 1004 3178 Fut.
1020 3126 1066 3181 lnl.
1083 3125 1158 3181 Pass.
1176 3129 1221 3180 mit

188 3209 240 3259 qno
255 3185 310 3245 ‘um
328 3184 373 3246 so'
391 3192 540 3259 (ergentlrch
557 3209 601 3245 um
620 3194 663 3247 da·
712 3197 750 3246 iri
767 3194 858 3247 bernht
874 3194 971 3260 daranl,
989 3194 1044 3247 dass
1056 3212 1086 3248 oo
1099 3197 1147 3249 mit
1164 3197 1220 3250 dem

153 3261 243 3328 durch)
260 3276 313 3314 von
334 3260 379 3314 der
395 3260 593 3327 Frenndschalt‚
611 3264 662 3316 wie
713 3262 838 3331 Supinum
855 3263 999 3329 uberhaupt
1017 3279 1061 3316 aur
1076 3263 1221 3318 Umschrei-
1262 3290 1264 3321 :

153 3346 204 3382 von
223 3331 305 3383 einem
319 3329 454 3396 gepriilten
470 3329 596 3396 Gespann‚
614 3332 662 3384 mit
711 3331 782 3398 hung
794 3331 839 3383 des
851 3331 973 3384 Futurum
985 3331 1067 3384 dient:
1082 3335 1220 3399 perditum
1262 3352 1264 3363 ·

154 3399 218 3451 aller
230 3398 374 3452 Sicherheit
384 3427 418 3438 -
430 3398 485 3450 dies
497 3398 531 3450 ist
542 3398 588 3451 das
600 3398 662 3452 Ter·
712 3416 742 3451 ao
750 3400 948 3466 :perditurus
962 3415 1029 3465 acm,
1043 3400 1093 3469 eig.
1104 3401 1147 3454 ich
1156 3403 1220 3469 gehe

153 3468 216 3521 tium
244 3466 443 3534 comparationis
469 3483 502 3505 -·
528 3465 661 3532 Gehrpuch
711 3468 802 3521 darant
824 3484 870 3520 aus
894 3484 926 3521 zu
944 3468 1045 3521 Grunde
1063 3486 1096 3522 zu
1113 3471 1220 3525 richten.

153 3535 419 3589 machenzukdnnen.
442 3533 662 3588 DurchdieUber-
711 3535 769 3604 Vgl.
787 3537 817 3589 A.
837 3535 901 3589 Gell.
918 3536 949 3590 ll.
965 3540 1002 3591 14
1025 3537 1088 3591 uber
1112 3539 1221 3592 Iniuria

154 3606 262 3670 selznng
284 3602 404 3670 Gespann
428 3603 478 3669 (liu
496 3607 579 3671 aquia)
597 3605 662 3657 wird
712 3607 779 3656 milii
794 3604 897 3667 sactum
914 3609 979 3660 itur.

154 3673 219 3724 auch
236 3671 300 3735 hlar,
319 3673 371 3725 wie
383 3671 424 3724 die
436 3672 524 3725 Lesart
541 3675 662 3725 amicitia
747 3677 787 3727 64.
811 3677 841 3726 in
861 3690 891 3726 re
909 3675 1021 3741 publica
1041 3677 1148 3726 amoeni
1165 3676 1221 3730 sich

152 3739 204 3806 (mr
216 3742 352 3808 amicitiis)
365 3740 406 3793 die
418 3743 611 3809 angemetsnere
620 3741 661 3795 ist.
712 3742 747 3794 im
766 3741 927 3796 Staatsleben
945 3744 1078 3810 bewegen.

188 3810 218 3859 io
234 3825 319 3874 paron
333 3813 451 3875 pecunia
466 3800 555 3862 ‘wenn
567 3826 595 3864 es
607 3810 662 3863 sich
745 3813 792 3862 olii
815 3814 937 3863 invenias
957 3810 1148 3864 unterscheidet
1166 3814 1221 3867 sich

152 3889 196 3926 um
220 3877 277 3929 eine
300 3877 386 3930 hlaine
409 3877 514 3931 Summe
535 3870 661 3933 handelt’.
711 3881 959 3945 venabiiooaoies,
974 3879 1024 3931 wie
1036 3885 1221 3946 auspicamin-

152 3942 232 3996 Dabei
250 3945 294 3997 hat
311 3961 368 3998 man
382 3946 505 4000 zunichst
518 3962 551 4000 an
562 3947 662 4002 llandel
712 3950 804 4001 venias
821 3964 873 4001 von
890 3964 1021 4015 nusquam
1038 3951 1167 4002 invenies.
