2654 4612
209 254 251 312 36
675 251 817 306 multus

210 428 262 507 qui
285 427 478 506 Tarquinium
501 426 679 508 Superbum,
702 427 753 506 qui
777 427 829 506 Sp.
844 425 973 487 Cassium
996 424 1048 503 Sp.
1064 421 1214 484 Maelium
1232 437 1280 480 non

211 510 329 575 oderit?
362 512 434 575 Cum
457 512 573 576 duobus
595 512 720 575 ducibus
742 513 778 574 de
799 511 925 592 imperio
947 511 978 572 in
1000 507 1083 571 ltalia
1106 508 1281 569 decertatum

212 607 271 673 cst,
300 597 412 679 Pyrrho
435 607 465 660 et
486 599 666 660 Hannibale:
696 597 733 659 ab
754 597 846 659 altero
868 604 991 677 propter
1012 593 1204 675 probitatem
1233 591 1282 653 eim

213 703 273 745 non
290 683 377 746 nimis
391 684 504 746 alienos
518 684 633 746 animos
643 682 796 754 babemus,
811 683 936 745 alterum
946 688 1069 762 propter
1080 678 1281 740 crudelitatem

212 788 328 849 semper
348 770 421 831 baec
443 769 543 832 civitas
565 768 668 832 oderit.

161 864 190 916 29
294 854 344 919 lX.
381 854 468 927 Quod
497 856 522 917 si
544 863 626 916 tanta
646 855 690 916 vis
711 853 866 934 probitatis
888 861 947 928 est,
975 859 1010 913 ut
1031 869 1098 912 eam
1121 850 1172 911 vel
1196 848 1230 910 in
1251 846 1282 910 eie

211 959 286 1020 quos
316 958 471 1019 nunquam
492 940 630 1015 vidimus,
658 940 703 1002 vel
725 940 805 1019 quod
827 939 922 1001 maius
944 945 1000 1013 est,
1030 937 1061 998 in
1084 936 1179 998 hoste
1203 933 1281 995 etian

160 1084 167 1100 Ι
210 1026 380 1105 diligamus:
404 1024 475 1104 quid
496 1025 604 1086 mirum
626 1034 671 1086 est
689 1027 714 1087 si
729 1024 820 1086 animi
839 1024 994 1086 hominum
1009 1029 1202 1096 moveantur,
1226 1038 1282 1082 cun

211 1130 315 1174 corum
338 1109 515 1189 quibuscum
534 1129 589 1173 usu
612 1110 764 1173 coniuncti
779 1129 844 1172 esse
858 1117 985 1190 possunt
998 1108 1143 1169 virtutem
1159 1114 1191 1167 et
1204 1104 1283 1167 boni·
1314 1162 1316 1167 .

210 1204 301 1258 tatem
327 1195 496 1275 perspicere
524 1193 700 1258 videantur?
734 1195 909 1275 Quanquam
932 1196 1130 1256 confirmatur
1153 1198 1282 1252 amoret

211 1281 357 1342 beneficio
378 1291 501 1363 accepto
521 1290 552 1344 et
571 1282 667 1345 studio
684 1289 840 1362 perspecto
856 1287 885 1342 et
900 1278 1118 1342 consuetudine
1135 1276 1283 1339 adiuncta:

212 1366 321 1444 quibus
349 1365 439 1429 rebus
468 1368 503 1430 ad
533 1368 615 1429 illum
644 1368 773 1448 primum
801 1374 916 1428 motum
937 1364 1028 1427 animi
1050 1372 1081 1426 et
1102 1363 1222 1425 amoris
1242 1361 1283 1424 ad·

211 1450 314 1514 bibitis
347 1452 527 1515 admirabilis
556 1454 698 1534 quaedam
726 1451 889 1514 exardescit
916 1448 1144 1512 benevolentiae
1174 1447 1284 1527 magni

212 1538 295 1600 tudo.
339 1537 435 1609 Quam
456 1540 482 1601 si
504 1539 555 1619 qui
576 1548 684 1620 putant
712 1537 748 1599 ab
775 1536 974 1599 imbecillitate
996 1534 1168 1617 proficisci,
1198 1543 1235 1597 ut
1254 1533 1284 1597 sit

211 1640 267 1702 per
296 1641 385 1702 quem
407 1634 580 1704 assequatur
601 1624 682 1704 quod
704 1623 829 1704 quisque
851 1621 1015 1696 desideret3
1045 1620 1196 1681 humilem
1221 1638 1284 1682 sane

212 1708 388 1788 relinquunt
409 1717 438 1771 et
459 1710 581 1773 minime
603 1727 782 1789 generosum
802 1716 836 1769 ut
850 1707 890 1768 ita
904 1706 998 1769 dicam
1014 1713 1112 1769 ortum
1129 1705 1283 1778 amicitiae,

213 1811 302 1872 quam
330 1813 365 1855 ex
393 1794 493 1876 inopia
514 1803 604 1874 atque
625 1794 787 1876 indigentia
809 1803 908 1854 natam
929 1793 1041 1854 volunt.
1085 1790 1180 1862 Quod
1202 1791 1230 1854 si
1252 1791 1284 1852 ite

213 1887 303 1952 esset;
333 1887 367 1940 ut
393 1881 518 1960 quisque
546 1881 702 1943 minimum
731 1880 762 1942 in
792 1899 824 1942 se
851 1898 916 1942 esse
944 1877 1161 1952 arbitraretur,
1191 1877 1234 1938 ita
1254 1876 1284 1937 ad

161 1975 191 2026 to
211 1963 370 2025 amicitiam
392 1973 470 2028 essct
495 1966 673 2046 aptissimus.
717 1965 805 2037 Quod
825 1965 914 2043 longe
931 1982 1021 2027 secus
1042 1970 1098 2024 est.
1144 1961 1187 2024 Ut
1210 1961 1284 2024 enim

213 2049 339 2129 quisque
359 2048 417 2111 sibi
438 2051 599 2132 plurimum
622 2051 753 2127 conlidit,
776 2058 806 2112 et
827 2058 861 2111 ut
882 2049 1008 2130 quisque
1029 2046 1160 2109 maxime
1180 2048 1284 2110 virtute

247 2167 293 2233 Sp.
303 2166 423 2218 Omnium
433 2168 477 2234 Sp.
488 2167 623 2222 Maelium.
641 2166 720 2220 Bcide
770 2170 929 2218 moueantur
946 2162 1049 2228 znra'rck,
1068 2168 1095 2214 et
1109 2167 1218 2217 amorr's
1235 2164 1285 2217 tritl

212 2234 545 2356 pegenhllfetrdaclppepnccb
559 2235 721 2359 derplsznplqs·
772 2232 1285 2356 {liuciaeErweiternngundllrginzuug

231 2319 331 2356 emsca
363 2319 417 2356 aus
442 2320 506 2357 een
540 2320 600 2359 ouer
686 2319 722 2357 re-
801 2319 857 2356 uzu.

213 2387 254 2424 ser
272 2375 321 2426 440
339 2388 365 2426 r.
383 2373 441 2426 Chr.
459 2322 566 2441 getdtJet.
808 2370 976 2422 admirabilis
994 2369 1126 2436 quaedam
1145 2370 1201 2423 wie
1219 2369 1285 2422 alirn

248 2441 383 2493 decertare
418 2441 468 2495 den
505 2442 723 2507 Entscbeidungs-
772 2440 883 2508 quidam
899 2439 929 2491 ll.
947 2440 970 2491 6.

212 2507 303 2576 kampl
317 2508 447 2577 kampton.
804 2524 856 2575 per
871 2523 948 2574 quem
959 2509 1118 2574 assequatur
1130 2505 1209 2572 quod
1219 2507 1285 2574 quia·

211 2579 573 2700 arctata
596 2574 723 2699 ut:
773 2576 984 2644 a
998 2590 1284 2723 ue

213 2729 296 2834 uqrpe
308 2716 416 2845 &sm
432 2783 475 2834 uel
486 2783 558 2849 quod
573 2784 661 2834 maius
673 2784 723 2832 eet:
773 2710 1284 2844 reriagcffirtgrmffie{tiilebglliniurcttliagififfi

215 2863 303 2915 sogor,
321 2848 383 2901 oder
401 2865 457 2903 was
474 2851 546 2903 nrebr
563 2865 642 2917 sagon
658 2848 723 2902 will.
774 2849 944 2901 Nebensalze.
982 2847 1054 2900 Doch
1076 2847 1146 2900 steht
1170 2863 1200 2900 es
1223 2846 1283 2899 ancl

248 2919 274 2967 ei
294 2922 460 2969 moveantur.
493 2918 544 2971 Der
564 2916 724 2982 Konjunktiv
775 2917 894 2985 doppelt:
919 2917 992 2982 quod
1008 2918 1106 2981 cuique
1123 2918 1238 2982 obtigit,
1258 2913 1284 2966 id

215 2985 285 3050 acigt
297 2984 343 3037 dns
351 2984 460 3037 lautum
469 2986 497 3038 in
506 2985 550 3038 der
558 2985 725 3052 Vorstellung
774 2988 886 3054 quiaque
903 2988 999 3037 toneat.
1018 2982 1066 3039 cll.
1075 2983 1093 3038 l.
1104 2987 1128 3038 t.
1139 2986 1183 3037 21.

215 3053 395 3106 dererwelcbe
404 3053 459 3106 sich
472 3053 725 3119 wandernlrdnnten,
808 3056 917 3105 minime
934 3067 1094 3119 gmeroeum
1117 3058 1210 3104 ortum
1232 3051 1283 3104 eine

216 3120 268 3174 und
280 3119 351 3174 kann
362 3122 442 3176 durch
456 3123 498 3175 ein
510 3121 725 3189 eingeschaltetes
775 3122 861 3175 nicbls
879 3123 993 3188 ueniger
1011 3122 1049 3173 als
1067 3110 1281 3174 edle‘Abknnlt’.

212 3182 276 3242 ‘wie
292 3204 352 3243 man
369 3191 417 3243 das
429 3183 509 3244 sicht'
528 3191 649 3244 erlaiutert
660 3205 725 3242 wer·
809 3208 844 3243 eac
850 3191 944 3256 inopia
952 3195 1032 3256 atqua
1038 3189 1202 3254 indigentia.
1213 3187 1283 3242 Niebt

215 3258 274 3312 den.
311 3257 367 3326 Vgl.
376 3258 418 3313 IV.
430 3263 461 3314 15
480 3262 546 3326 quia
562 3261 685 3311 maerim.
775 3256 1282 3312 alsobdieFreundscbaltzweilllr'rtter

250 3342 309 3378 eum
321 3327 420 3380 sobald.
433 3329 500 3380 siin
514 3326 572 3380 dem
580 3326 651 3380 Falle
660 3327 723 3392 dals,
774 3328 858 3380 haben
868 3326 952 3390 sollte,
968 3325 1078 3378 condem
1091 3325 1167 3378 beide
1176 3322 1282 3393 Begrille

216 3411 276 3448 cum
292 3395 319 3448 iu
336 3395 395 3448 dem
413 3396 483 3449 Falla
506 3412 557 3450 wo.
592 3395 641 3449 Der
657 3395 726 3449 Kon-
777 3397 903 3462 erginzen
921 3394 976 3446 sich
993 3393 1154 3461 gegenseitig
1177 3409 1213 3446 zu
1230 3393 1282 3446 dem

213 3463 320 3530 juuktiv
337 3464 389 3516 wic
406 3463 469 3518 Vlll.
481 3468 523 3521 27.
777 3462 822 3515 der
840 3461 981 3514 dulsersten
998 3461 1192 3528 llr'rlllosiglseit
1228 3461 1282 3514 Mau

250 3548 342 3584 aarum
355 3536 521 3601 quibuscum,
533 3531 557 3584 d.
570 3531 595 3585 b.
609 3547 640 3583 an
654 3530 725 3585 ihren
777 3531 845 3583 sieht
862 3530 925 3595 also,
943 3530 988 3582 das
1000 3529 1059 3582 Bild
1070 3544 1123 3581 von
1136 3530 1182 3582 der
1193 3529 1283 3583 lllutter

215 3600 381 3668 lllitbr'ugern.
777 3599 811 3652 ist
828 3598 895 3650 doch
911 3598 982 3650 niclrt
999 3603 1087 3664 strong
1104 3597 1283 3666 lestgehalteu.

250 3669 409 3736 Quanquam
433 3668 555 3724 Freilich:
583 3667 629 3721 das
656 3682 678 3718 e.
699 3681 724 3732 g.
809 3665 1218 3733 minimumdiewenigstellralt
1232 3665 1284 3735 Vgl

216 3754 370 3805 quanquam
390 3743 574 3793 correctivum.
603 3735 662 3803 Vgl.
674 3733 725 3785 Vll.
774 3734 836 3788 xlll.
854 3737 896 3788 46.

217 3811 258 3860 25.
810 3806 851 3857 30.
869 3807 978 3870 quisque
994 3804 1046 3854 eibi
1062 3802 1133 3856 steht
1156 3820 1230 3858 zuar
1245 3820 1286 3858 zu·

250 3879 351 3927 motum
364 3877 449 3928 animi
457 3871 596 3940 (Eindruclt
608 3871 653 3924 des
664 3869 725 3922 Her·
776 3887 898 3936 sammen,
916 3873 977 3924 aber
995 3871 1087 3938 gehort
1103 3871 1176 3925 niclrt
1188 3890 1286 3928 zusam-

211 3946 375 4012 perductet
392 3945 472 3998 aussi
489 3943 574 3997 animi
589 3941 725 3992 bominum
776 3954 848 3993 men:
872 3941 927 3994 also
950 3939 1039 4006 keine,
1063 3938 1124 3993 oder
1147 3942 1286 3998 hochstena
