2654 4612
462 275 603 330 naeuus.
1027 272 1067 332 63
1156 292 1158 296 ·

81 448 156 510 itias:
180 467 237 510 nec
259 449 297 511 ob
320 449 405 511 aliam
427 468 543 513 causum
560 450 650 512 ullam
671 449 744 512 boni
765 449 919 530 improbis,
940 449 1068 529 improbi

81 554 86 594 s
109 534 194 596 amici
216 553 281 597 esse
303 555 364 597 non
386 545 528 616 possunt,
552 535 608 597 nisi
632 535 712 615 quod
734 542 817 596 tanta
838 543 883 596 est
904 534 984 597 inter
1005 555 1067 610 eos,

82 628 111 680 ta
139 620 263 682 maxima
291 630 390 701 potest
417 641 497 696 esse,
524 640 642 683 morum
669 621 893 700 studiorumque
921 620 1066 682 distantia.

81 724 91 766 a
114 706 202 767 etiam
224 707 355 787 praecipi
376 715 474 787 potest
494 707 525 768 in
541 707 688 782 amicitiis,
711 725 751 768 ne
767 706 963 786 intemperata
977 725 1067 785 quae·
1088 714 1118 765 75

87 790 301 868 benevolentia,
325 793 404 871 quod
418 811 561 873 persaepe
574 793 621 867 lit,
639 791 780 872 impediat
793 809 914 872 magnas
928 792 1068 854 utilitates

81 895 173 940 orum.
218 877 279 938 Nec
301 878 390 953 enim,
412 887 446 940 ut
467 879 503 940 ad
525 876 639 939 fabulas
655 877 782 950 redeam,
803 877 923 938 Troiam
937 878 1067 958 Neopto-

81 982 93 1023 s
115 980 222 1042 capere
242 963 396 1042 potuisset,
419 964 444 1025 si
465 963 676 1044 Lycomedem,
698 963 777 1042 apud
799 981 887 1041 quem
909 972 974 1023 erat
995 962 1067 1024 edu-

83 1094 91 1120 ,
116 1047 216 1109 multis
239 1066 306 1109 cum
328 1048 455 1111 lacrimis
476 1049 532 1109 iter
553 1067 640 1111 snum
661 1047 871 1128 impedientem
892 1048 994 1109 audire
1014 1067 1067 1109 vo-

81 1140 114 1208 it3
145 1142 174 1195 et
201 1151 288 1212 saepe
314 1134 451 1196 incidunt
471 1152 594 1213 magnae
615 1152 663 1195 res
684 1139 718 1194 ut
739 1133 948 1194 discedendum
970 1134 1007 1194 sit
1028 1133 1065 1194 ab

81 1238 115 1290 e,
144 1237 216 1298 quas
243 1219 294 1297 qui
321 1219 466 1300 impedire
494 1220 556 1280 vult
583 1218 663 1299 quod
690 1219 867 1280 desiderium
893 1237 955 1280 non
983 1219 1066 1280 lacile

104 1303 129 1364 is
151 1313 180 1364 et
201 1304 337 1366 infirmus
365 1314 422 1367 est»
439 1305 594 1383 mollisque
622 1312 727 1365 natura
756 1312 785 1364 et
813 1303 850 1364 ob
881 1322 945 1365 eam
972 1304 1065 1383 ipsam

81 1407 117 1449 rm
132 1388 163 1449 in
180 1389 305 1451 amicitia
326 1408 431 1470 parum
453 1390 556 1451 iustus.
599 1391 696 1468 Atque
717 1390 748 1450 in
773 1389 855 1450 omni
876 1407 908 1451 re
931 1389 1067 1451 conside·
1088 1396 1117 1446 tc

81 1494 123 1535 rm
146 1483 191 1536 est
212 1482 241 1536 et
262 1476 332 1554 quid
360 1476 491 1556 postules
520 1474 557 1536 ab
586 1475 696 1551 amico,
725 1484 755 1535 et
775 1475 846 1555 quid
866 1475 977 1554 patiare
999 1494 1016 1536 a
1037 1482 1067 1536 te

81 1561 158 1621 trari.

81 1645 157 1706 XXI.
179 1645 232 1707 Est
253 1645 340 1706 etiam
362 1645 504 1724 quaedam
526 1646 684 1720 calamitae,
706 1645 737 1707 in
760 1645 895 1708 amicitiis
916 1645 1067 1707 dimitten-

81 1748 281 1810 nonnunquam
305 1731 483 1793 necessaria:
506 1731 564 1792 iam
587 1731 666 1792 enim
689 1750 705 1792 a
727 1731 904 1810 sapientium
919 1730 1067 1793 familiari·

81 1835 106 1877 rs
128 1817 163 1877 ad
183 1817 318 1895 vulgares
342 1817 483 1879 amicitias
511 1816 604 1878 oratio
632 1824 732 1878 nostra
761 1816 916 1878 delabitur.
959 1816 1067 1877 Erum-

95 1920 182 1981 saepe
196 1902 265 1963 vitia
282 1902 454 1977 amicornm,
477 1910 540 1963 tum
555 1903 586 1963 in
601 1902 682 1981 ipsos
696 1902 805 1964 amicos
819 1910 883 1962 tum
897 1901 928 1963 in
944 1902 1066 1975 alienos,

81 2005 127 2047 um
148 1994 246 2049 tamen
269 1988 304 2049 ad
327 1988 436 2049 amicos
455 1987 602 2049 redundet
616 1987 745 2049 infamia.
789 1987 874 2049 Tales
889 1987 980 2066 igitur
994 1987 1066 2048 ami·

81 2117 82 2122 1
105 2080 175 2133 sunt
196 2073 370 2135 remissione
392 2093 463 2135 usus
480 2073 632 2150 eluendae,
656 2082 741 2135 et-
757 2073 946 2135 utCatoncm
968 2071 1066 2135 dicere

81 2203 140 2240 rann
155 2190 246 2240 studio
264 2189 335 2241 nicht
353 2189 416 2242 sein.
451 2189 505 2241 Suo
592 2205 652 2240 eum
670 2190 790 2240 lacrimis
803 2180 912 2241 ‘unter'.

81 2273 110 2307 ue
132 2259 223 2309 studio
244 2274 371 2310 mommo
387 2258 507 2310 ducitur.
591 2258 777 2324 impedientem
790 2256 846 2308 hier
860 2256 938 2309 durch
953 2260 1001 2322 qui
1016 2259 1066 2307 im·

81 2341 145 2376 irum
185 2327 312 2379 natdrlich
346 2327 507 2392 studiorum,
555 2327 688 2393 pediebut,
706 2325 752 2377 des
769 2341 789 2378 s.
802 2340 826 2391 g.
839 2324 1017 2391 Imperfectum
1033 2324 1065 2376 de

86 2396 154 2445 etue
171 2409 288 2448 morum:
310 2394 387 2447 deren
405 2393 506 2446 Unithn·
557 2398 652 2447 conatu
663 2392 1066 2445 enlzuldscnzsodioidentiund

81 2463 105 2512 it
115 2461 183 2514 donn
196 2492 239 2516 -.
251 2463 309 2530 Vgl.
321 2478 368 2529 pro
378 2462 465 2515 Plane.
478 2461 506 2514 ll.
558 2465 698 2514 lenientem
715 2461 778 2513 Cato
790 2459 824 2514 ll.
836 2458 878 2515 lv.
892 2463 932 2514 11.
950 2458 1005 2513 xv,
1024 2463 1065 2514 54.

81 2546 130 2596 pue
147 2535 187 2582 eet
199 2532 284 2583 ullum
299 2533 398 2583 certius
413 2533 505 2583 omici-
591 2530 777 2583 discedendum
799 2554 833 2574 =
853 2529 1065 2594 digrediendum.

81 2600 214 2663 tucidum,
233 2616 312 2666 quom
324 2616 466 2651 consensus
483 2604 510 2649 et
558 2598 656 2651 Anders
672 2598 724 2650 llll.
741 2600 784 2650 42.

81 2668 507 2721 ueemniliomameiooluntotum.
591 2683 658 2733 quae
676 2669 722 2732 qui
735 2657 813 2718 ‘und‘
831 2680 886 2716 wer
903 2664 981 2717 diese.

81 2735 181 2788 Nec—
190 2741 216 2786 et
227 2737 278 2788 wie
286 2735 385 2788 xxvn.
398 2739 446 2790 104
455 2735 508 2788 und
592 2735 672 2798 ferat.
701 2735 729 2786 ln
740 2733 799 2786 dem
811 2732 970 2799 KonJ'uuhtiv
988 2733 1065 2800 liegt:

87 2808 155 2854 —et
163 2803 227 2858 lllll.
237 2807 279 2857 79.
296 2803 353 2856 Und
363 2819 433 2855 zuar
442 2803 508 2856 wird
557 2819 588 2854 zu
608 2808 698 2869 tragon
716 2803 814 2868 gleubt.

81 2872 230 2924 tesondcrcn
240 2873 285 2925 das
295 2872 454 2938 hllgcmcine
464 2886 508 2938 ge·
591 2873 633 2925 76.
650 2872 740 2938 Atque
750 2869 1002 2923 zusammenlassend
1014 2869 1066 2923 und

81 2940 381 3007 ergesteln,wie11.81n
391 2940 508 2992 derhut-
559 2938 758 2992 ebschlielseud:
777 2938 834 2991 Und
852 2954 889 2992 so.

84 3008 131 3061 des
148 3009 233 3062 Lilius
251 3009 331 3061 durch
343 3008 505 3061 Nee-nee.
590 3007 655 3059 XXI.
672 3010 703 3058 in
715 2998 755 3059 ‘in
773 2998 875 3060 hetrell'
889 3006 951 3058 oder
964 2998 1019 3060 ‘wo
1037 3021 1066 3058 es

81 3077 227 3143 ptolemais.
245 3076 506 3142 Trojakonntenioht
557 3067 627 3142 gilt’:
644 3075 720 3128 xvn.
739 3078 780 3130 63.

81 3151 99 3197 :t
111 3145 214 3198 werden
230 3144 297 3198 chuc
310 3145 442 3197 Philolstet
454 3144 506 3197 und
590 3147 741 3196 necessario
759 3142 968 3196 unvermeidlich.

82 3213 182 3265 olemus
199 3212 344 3281 (Pyrrhus),
367 3212 417 3265 den
435 3212 506 3265 Sohn
591 3213 736 3264 deluditur:
755 3210 843 3264 XXVl.
865 3209 1053 3273 leudenensis.

81 3281 167 3334 :hilles
176 3281 227 3333 und
237 3281 281 3334 der
290 3281 428 3343 Deidamia,
444 3280 506 3332 wel·
592 3287 647 3331 tum
661 3311 696 3318 -
713 3285 769 3331 turn
783 3302 817 3322 =
829 3280 907 3330 modo
923 3308 958 3316 —
974 3279 1064 3330 modo:

81 3351 118 3401 oei
142 3350 239 3402 seinem
256 3349 404 3402 Grolsveter
421 3349 506 3417 Lyko-
557 3365 659 3400 oum-
669 3354 724 3400 tum
741 3348 811 3398 wire
827 3346 989 3399 unstatthalt.

81 3435 83 3466 t
106 3417 153 3469 eui
173 3417 268 3485 Scyros
295 3432 404 3483 erzogcn
425 3416 504 3471 ward.
590 3432 703 3483 quorum
720 3415 796 3469 niml
814 3417 843 3465 in
861 3415 963 3466 alienos
979 3430 1066 3465 emim-

81 3485 175 3550 lamm,
194 3487 305 3538 welcher
317 3479 421 3552 ‘junget
435 3484 506 3538 Krie-
553 3488 676 3552 pontium
693 3487 828 3536 uitiorum.

81 3553 203 3620 ndentet,
221 3554 312 3606 erhielt
329 3569 356 3606 er
372 3554 432 3605 weil
450 3553 505 3605 sein
589 3554 727 3604 redundet.
756 3550 806 3603 Der
823 3550 898 3616 llonJ.
916 3550 1066 3603 bezeichnet

92 3622 216 3675 Achilles·
226 3623 294 3688 jung
317 3623 344 3674 in
361 3621 411 3673 den
428 3620 505 3688 Kriog
556 3622 613 3673 cine
635 3619 803 3673 wesentliohe
825 3618 990 3686 Eigenschelt
1012 3618 1066 3671 und

89 3689 125 3742 So
138 3691 183 3743 hat
194 3688 331 3743 Telemech
342 3705 403 3742 vom
415 3689 504 3741 lemen
555 3688 719 3755 notwendige
736 3679 816 3754 Fo'lge
833 3688 916 3740 dieser
932 3686 1030 3740 Fchler.

81 3759 105 3811 le
123 3759 170 3810 des
188 3757 331 3827 odysseus,
354 3757 428 3810 lsaak
444 3773 504 3810 vom
588 3760 743 3809 remissione
763 3772 828 3807 usus
850 3756 930 3809 durch
950 3756 992 3807 ein
1009 3756 1067 3822 (all-

81 3825 352 3879 ndeshbrehemund
362 3825 504 3892 derSareh,
555 3825 703 3890 mihliehes)
720 3825 877 3878 Noehlassen
895 3825 929 3875 im
940 3823 1065 3892 Umgang.

81 3896 222 3948 srzemeich
232 3911 280 3946 von
291 3895 341 3947 den
351 3894 504 3947 Schmerzon
556 3893 677 3947 Weshalh
694 3894 765 3945 nicht
780 3895 992 3945 intermissione?

81 3978 192 4017 enoveva
203 3963 253 4017 den
265 3963 363 4017 Nomen
381 3963 503 4017 erhelten.
589 3964 677 4014 dicere
686 3953 870 4029 nicht‘sagen'‚
881 3961 991 4015 sondcrn
1000 3955 1065 4014 ‘dale
