2654 4612
225 283 266 342 54
488 324 493 353 ,
684 278 826 335 manus.

223 455 307 537 prius
339 454 409 534 quid
439 453 564 515 maxime
597 452 815 534 reprehendere
842 452 942 532 Scipio
975 450 1081 513 solitus
1118 448 1160 511 sit
1187 448 1277 510 duco
1310 442 1323 501 li

223 540 354 620 Negabat
379 539 469 602 ullam
496 557 598 601 vocem
627 539 823 602 inimiciorem
845 537 989 599 amicitiae
1010 535 1151 616 potuisse
1174 533 1279 615 reperiu'

223 644 312 705 quam
342 625 418 699 eius,
447 625 498 704 qui
524 625 644 687 dixisset
671 625 709 686 ita
738 641 837 685 amare
867 631 1005 703 oportere
1027 630 1061 683 ut
1082 620 1111 683 si
1136 618 1279 700 aliqmude
1314 631 1323 670 ³1

223 721 301 774 esset
332 730 447 773 usurus.
490 710 552 771 Nec
579 729 649 771 vero
677 729 708 772 se
736 708 841 771 adduci
869 727 957 790 posse
984 716 1017 768 ut
1044 707 1106 769 hoc
1136 739 1181 751 -
1209 722 1280 786 quen
1316 717 1322 755 t

222 797 259 857 ad
287 797 407 858 modum
434 802 589 876 putaretur
610 831 652 841 -
673 814 690 856 a
711 794 816 859 Biante
844 813 908 857 csse
935 794 1047 856 dictum
1069 790 1280 870 crederetui
1317 793 1323 877 ¹.

222 882 339 962 sapiens
366 881 485 943 habitus
512 890 590 943 essct
618 900 696 943 unus
722 874 893 962 &septem
922 878 1030 959 impuri
1058 876 1223 939 cuiusdam
1247 883 1281 936 au
1320 889 1323 926 i

221 967 383 1041 ambitiosi,
406 976 458 1028 aut
478 966 577 1028 omnia
599 968 636 1028 ad
657 984 738 1028 suam
761 966 924 1047 potentiam
945 963 1114 1025 revocantis
1138 981 1209 1026 esse
1229 981 1281 1024 sen

221 1053 353 1114 tentiam.
397 1051 534 1123 Quonam
565 1053 644 1112 enim
672 1051 761 1112 modo
783 1051 938 1131 quisquam
960 1049 1072 1111 amicus
1094 1066 1165 1110 esse
1187 1047 1283 1129 poterit

222 1137 258 1211 ci,
286 1137 335 1199 cui
357 1155 388 1198 se
409 1136 524 1216 putabit
545 1137 697 1199 inimicum
719 1155 783 1198 esse
805 1133 916 1216 posse?
952 1135 1030 1207 Quin
1054 1133 1150 1195 etiam
1172 1151 1283 1196 necem

221 1223 278 1283 erit
300 1240 410 1301 cupere
432 1230 461 1282 et
483 1230 586 1302 optare
609 1231 750 1302 utquam
770 1221 939 1302 saepissime
960 1228 1065 1301 peccet
1083 1219 1216 1294 amicus,
1237 1237 1283 1298 quo

221 1306 322 1386 plures
348 1306 398 1367 det
427 1307 483 1369 sibi
511 1315 651 1387 tanquam
680 1325 765 1370 ansas
787 1309 823 1369 ad
844 1305 1143 1387 reprehendendum
1174 1322 1284 1367 mrsrm

220 1400 319 1454 autem
346 1401 426 1454 recte
454 1394 537 1456 factis
565 1393 786 1473 commodisque
813 1393 975 1455 amicorum
997 1408 1123 1452 necesse
1146 1391 1208 1452 erit
1229 1389 1284 1468 angi

170 1487 199 1538 oc
221 1477 321 1539 dolere
350 1478 490 1540 invidere.
534 1478 632 1551 Quare
661 1480 719 1540 hoc
746 1479 864 1559 quidem
887 1486 1093 1558 praeceptum,
1119 1476 1284 1538 cuiuscum-

220 1582 278 1643 que
300 1572 353 1638 est„
376 1564 412 1625 ad
426 1564 585 1626 tollendam
599 1565 757 1626 amicitiam
771 1563 854 1626 valet
897 1563 973 1625 Illud
986 1560 1085 1641 potius
1100 1562 1284 1642 praecipien-

218 1650 288 1711 dum
317 1649 390 1722 fuit,
418 1657 452 1710 ut
477 1668 542 1711 eam
563 1650 744 1730 diligentiam
765 1649 972 1710 adhiberemus
993 1648 1024 1708 in
1046 1647 1189 1709 amicitiis
1213 1664 1285 1708 com·

218 1735 366 1813 parandis,
381 1741 468 1795 utne
483 1735 602 1814 quando
616 1754 714 1796 amare
729 1735 928 1814 inciperemus
943 1751 1012 1794 eum
1026 1750 1117 1811 quem
1131 1732 1284 1813 aliquando

219 1820 316 1881 odisse
343 1837 507 1898 possemus.
551 1820 629 1892 Quin
659 1822 745 1882 etiam
774 1822 799 1882 si
826 1820 925 1882 minus
953 1818 1052 1881 felices
1074 1817 1105 1879 iu
1132 1817 1284 1898 deligendo

253 1986 725 2055 inimicioramamieitioeWortspiel.
776 1987 826 2041 den
848 1987 1021 2053 (uberleqten,
1047 1984 1284 2054 wchlerwogeueu)

253 2060 322 2106 aeret
347 2071 450 2107 omno.
490 2054 601 2120 Subjekt
624 2055 658 2108 ist
680 2055 726 2109 das
776 2056 891 2109 Wnnech
908 2055 999 2122 hegen.

219 2123 401 2176 uubestimmte
419 2114 503 2175 ‘man'
520 2124 599 2190 (quaa)
617 2123 662 2176 des
680 2140 726 2176 uu·
809 2127 939 2190 tanquam
955 2122 1083 2174 amared
1091 2123 1285 2189 reprehenden-

219 2191 351 2244 mittelbar
376 2190 603 2258 vorhergehonden
627 2191 725 2246 Setaea.
776 2192 840 2243 dum
856 2189 1065 2258 Anhaltepunkte
1084 2189 1132 2243 ihu
1151 2207 1186 2243 zu
1204 2191 1284 2243 iaeeeu

221 2259 345 2313 Daeselbe
357 2253 438 2313 ‘man'
454 2260 490 2312 ist
501 2260 563 2312 Cato
576 2258 610 2312 M.
619 2259 681 2313 vili.
692 2263 724 2314 25
775 2259 857 2322 (nicht
868 2250 1028 2326 zu‘tadeln'‚
1040 2257 1166 2325 obgleieh
1179 2258 1237 2312 dies
1248 2273 1284 2326 ge

218 2344 265 2380 aus
291 2329 340 2380 diu
365 2329 477 2380 uiuendo
504 2344 536 2380 zu
563 2329 725 2381 entnehmen.
776 2329 857 2381 meiat
873 2329 926 2392 ist).

218 2396 312 2449 Besser
329 2396 390 2449 aber
406 2397 440 2450 ist
464 2397 508 2449 der
525 2396 662 2462 Gedantm,
684 2400 725 2449 ita
809 2401 876 2462 angi
887 2397 976 2448 dolere
986 2395 1115 2447 inuidere.
1147 2392 1212 2448 Man
1224 2394 1285 2448 eiebt

219 2466 305 2517 odisse
331 2471 453 2532 oportere
476 2471 509 2516 at
528 2469 554 2516 ea·
578 2465 724 2531 aliquando
774 2465 826 2516 wie
843 2463 970 2528 dadumh,
993 2463 1049 2515 daie
1068 2462 1148 2528 J‘edes
1166 2462 1284 2530 iolgaude

218 2538 445 2585 earetomatume:
460 2533 510 2585 wie
522 2532 725 2586 uachDiodoros
775 2532 849 2584 Wcrt
870 2548 914 2585 um
936 2533 994 2584 eine
1012 2531 1083 2599 Silbe
1107 2531 1228 2596 wdehst,
1249 2531 1285 2584 die

217 2600 269 2654 ΧΠ.
287 2604 328 2654 20.
347 2604 362 2654 3
379 2601 506 2655 Zalenkos
524 2603 604 2668 gebot
619 2600 725 2685 μηδένα
774 2600 844 2653 Rede
861 2601 916 2653 sich
934 2600 1004 2652 hebt.
1032 2599 1230 2652 Ahulichvolit
1243 2615 1285 2652 aa·

217 2671 278 2724 τῶν
297 2672 424 2724 πολιτῶν
440 2665 551 2754 ἐχξρον
565 2661 725 2726 exoratio·
775 2672 867 2735 quirat
884 2669 1015 2721 derideret
1029 2665 1119 2719 XXIV.
1132 2670 1177 2733 88,
1194 2670 1284 2734 iwgic

218 2756 290 2792 κτον
296 2731 380 2806 ἔχειν,
388 2729 454 2793 ἄλλ’
463 2755 539 2793 ουτω
551 2731 603 2807 τὴν
615 2732 668 2809 ἕχθ
688 2757 725 2794 αν
773 2737 917 2789 maledieta
929 2734 1183 2790 contameliceXXl.
1193 2739 1238 2801 78,
1248 2738 1284 2787 ἰπ-

218 2800 444 2926 αναλοςμῖάνειν,
462 2798 502 2870 ὥς
518 2796 621 2876 ἥξοντα
638 2810 725 2862 uotae
775 2806 845 2857 dtea'o
863 2807 929 2857 lecte
947 2806 1080 2871 descripto
1098 2805 1246 2870 divulgato
1262 2819 1284 2870 p.

218 2871 258 2936 εἰς
275 2875 326 2927 συλ
343 2889 405 2927 ocae
421 2874 470 2928 καὶ
487 2875 593 2941 φιλίαν.
775 2872 1156 2939 SullaXV.44,leaacmcgna
1169 2875 1238 2925 haec
1249 2873 1284 2924 di·

253 2939 309 2991 Nec
324 2956 387 2991 uero
408 2940 481 2992 Anch
500 2957 545 3009 gar
561 2942 641 3009 nicht,
658 2942 724 2996 auch
774 2944 839 2992 vino
861 2943 926 2993 daec
947 2944 1109 3008 sempiterno
1124 2946 1195 2992 eunt
1210 2939 1285 2994 ruse

217 3009 332 3061 uimmer.
775 3010 897 3064 L2'i.6i.
929 3008 1103 3076 Merkwdrdiq
1114 3009 1151 3060 ist
1163 3009 1191 3061 in
1204 3008 1285 3062 dieser

251 3076 481 3142 quenadmodum
486 3078 724 3144 putaretur-,nium
773 3077 921 3144 Beaiehuog
933 3077 977 3131 der
988 3075 1155 3130 Homerische
1168 3077 1245 3142 Vere,
1261 3077 1285 3129 iu

217 3162 234 3197 u
251 3145 349 3196 Biante
367 3146 476 3197 dicum.
512 3144 647 3215 Syllepsis.
773 3146 900 3199 welchem
911 3146 1027 3198 Priamus
1042 3146 1090 3197 mit
1100 3146 1195 3199 immer
1205 3145 1286 3199 volie-

250 3215 357 3265 daditue
374 3215 653 3278 eeeet=lrndmtur‚
671 3216 722 3268 wie
773 3229 827 3267 rern
850 3213 945 3266 Muude
972 3214 1018 3266 das
1040 3212 1126 3266 Glirck
1147 3212 1197 3268 dee
1219 3215 1286 3280 nga-

215 3281 256 3337 lX.
276 3285 308 3336 32
330 3286 519 3350 appetiverunt
534 3306 568 3326 =
584 3289 723 3350 appetunt.
772 3298 892 3336 memnon
900 3283 982 3365 preist²
987 3303 993 3334 ι
1007 3270 1142 3368 ὦμᾰκαρ
1152 3274 1285 3354 Ἀτρείδη,

248 3354 352 3418 impuri
363 3352 503 3403 cuiusdam
512 3352 586 3418 (ganz
595 3353 722 3417 nolenter)
772 3348 946 3422 μοιρηγενές,
965 3353 1162 3422 ολβιοδαιμον.

214 3424 264 3471 cut
280 3423 415 3472 ambitiosa·
431 3419 500 3472 steht
517 3420 563 3471 aui
579 3419 623 3472 der
638 3421 721 3484 einen,
808 3422 849 3472 60.
866 3420 945 3471 uolat.
973 3419 1024 3471 Fur
1041 3418 1126 3471 dieses
1137 3419 1234 3471 calm
1251 3419 1287 3472 od

214 3492 264 3539 aut
284 3487 357 3553 (oder
375 3488 542 3554 wenigstens)
565 3492 656 3541 omnia
679 3489 724 3541 auf
772 3491 861 3540 eetzen
879 3487 920 3539 die
931 3486 1048 3540 Neueren
1061 3501 1122 3554 geru
1134 3488 1229 3540 ualere
1240 3488 1286 3540 mit

214 3556 259 3608 der
276 3555 371 3609 andern
390 3555 474 3618 Seite;
494 3561 644 3623 potentiam
661 3557 722 3609 laist
773 3555 830 3608 dem
854 3554 981 3622 Infinitiv,
1006 3571 1062 3609 was
1086 3555 1210 3622 poetisch
1233 3555 1285 3609 und

214 3640 246 3676 au
258 3625 332 3677 einen
345 3623 508 3678 Staatsmann
519 3624 628 3690 dankera,
645 3641 721 3677 reoc-
771 3623 964 3677 nachklassisch
981 3624 1023 3677 ist.

215 3708 279 3745 care
295 3717 328 3737 =
346 3691 451 3753 referre
466 3691 508 3746 IX.
526 3696 567 3749 32.
804 3693 1024 3760 praecipiendum
1032 3690 1103 3754 fuit:
1114 3691 1286 3746 wohlznun·

213 3829 229 3882 d
246 3777 349 3813 moereo
362 3764 421 3880 vent
436 3777 464 3814 ee
478 3754 592 3815 ‘warde’
605 3765 722 3814 uotuen·
770 3760 932 3881 tffirlscheideu
944 3777 995 3814 von
1006 3761 1234 3828 praecipiendum
1247 3766 1287 3813 aet

231 3830 343 3897 igeein:
386 3832 452 3882 ,te
716 3867 718 3871 ψ
814 3833 875 3884 .42.

214 3896 721 4034 tittcnrcaatvmttua
770 3897 1286 4033 „isteaccriecectzteriea
