<?xml version="1.0" encoding="UTF-8"?>
<!DOCTYPE html PUBLIC "-//W3C//DTD XHTML 1.0 Transitional//EN"
    "http://www.w3.org/TR/xhtml1/DTD/xhtml1-transitional.dtd">
<html xmlns="http://www.w3.org/1999/xhtml" xml:lang="en" lang="en">
 <head>
  <title>
</title>
<meta http-equiv="Content-Type" content="text/html;charset=utf-8" />
  <meta name='ocr-system' content='tesseract 3.04.00' />
  <meta name='ocr-capabilities' content='ocr_page ocr_carea ocr_par ocr_line ocrx_word'/>
</head>
<body>
  <div class='ocr_page' id='page_1' title='image "./laeliusdeamicit01cicegoog_0062.png"; bbox 0 0 2648 4606; ppageno 0'>
   <div class='ocr_carea' id='block_1_1' title="bbox 523 266 1132 352">
    <p class='ocr_par' dir='ltr' id='par_1_1' title="bbox 523 266 1132 352">
     <span class='ocr_line' id='line_1_1' title="bbox 523 266 1132 352; baseline 0.007 -32"><span class='ocrx_word' id='word_1_1' title='bbox 523 266 663 321; x_wconf 73' lang='lat' dir='ltr'><strong>usnemu</strong></span> <span class='ocrx_word' id='word_1_2' title='bbox 1086 266 1132 352; x_wconf 32' lang='lat' dir='ltr'><strong>aa,</strong></span> 
     </span>
    </p>
   </div>
   <div class='ocr_carea' id='block_1_2' title="bbox 10 438 1180 1631">
    <p class='ocr_par' dir='ltr' id='par_1_2' title="bbox 10 438 1180 1631">
     <span class='ocr_line' id='line_1_2' title="bbox 10 438 1167 520; baseline 0 -17"><span class='ocrx_word' id='word_1_3' title='bbox 10 462 18 503; x_wconf 79' lang='grc' dir='ltr'>ε</span> <span class='ocrx_word' id='word_1_4' title='bbox 60 440 229 516; x_wconf 79' lang='lat' dir='ltr'>fuissemus,</span> <span class='ocrx_word' id='word_1_5' title='bbox 252 439 406 502; x_wconf 88' lang='lat' dir='ltr'><strong>ferendum</strong></span> <span class='ocrx_word' id='word_1_6' title='bbox 430 438 459 500; x_wconf 94' lang='lat' dir='ltr'><strong>id</strong></span> <span class='ocrx_word' id='word_1_7' title='bbox 475 439 573 520; x_wconf 84' lang='lat' dir='ltr'>Scipio</span> <span class='ocrx_word' id='word_1_8' title='bbox 595 439 695 519; x_wconf 90' lang='lat' dir='ltr'><strong>potius</strong></span> <span class='ocrx_word' id='word_1_9' title='bbox 714 457 802 519; x_wconf 90' lang='lat' dir='ltr'><strong>quam</strong></span> <span class='ocrx_word' id='word_1_10' title='bbox 817 439 1037 502; x_wconf 81' lang='lat' dir='ltr'><strong>inimicitiarum</strong></span> <span class='ocrx_word' id='word_1_11' title='bbox 1050 448 1125 503; x_wconf 92' lang='lat' dir='ltr'><strong>tem·</strong></span> <span class='ocrx_word' id='word_1_12' title='bbox 1164 508 1167 512; x_wconf 11' lang='grc' dir='ltr'><strong>Α</strong></span> 
     </span>
     <span class='ocr_line' id='line_1_3' title="bbox 10 524 1176 607; baseline 0 -18"><span class='ocrx_word' id='word_1_13' title='bbox 10 548 22 589; x_wconf 76' lang='grc' dir='ltr'>ε</span> <span class='ocrx_word' id='word_1_14' title='bbox 59 544 117 607; x_wconf 91' lang='lat' dir='ltr'><strong>pus</strong></span> <span class='ocrx_word' id='word_1_15' title='bbox 146 524 337 606; x_wconf 83' lang='lat' dir='ltr'><strong>cogitandum</strong></span> <span class='ocrx_word' id='word_1_16' title='bbox 364 525 494 606; x_wconf 90' lang='lat' dir='ltr'><strong>putabat.</strong></span> <span class='ocrx_word' id='word_1_17' title='bbox 537 525 625 586; x_wconf 88' lang='lat' dir='ltr'><strong>XVll.</strong></span> <span class='ocrx_word' id='word_1_18' title='bbox 658 524 710 587; x_wconf 90' lang='lat' dir='ltr'><strong>llis</strong></span> <span class='ocrx_word' id='word_1_19' title='bbox 735 525 825 604; x_wconf 82' lang='lat' dir='ltr'><strong>igitur</strong></span> <span class='ocrx_word' id='word_1_20' title='bbox 851 525 961 588; x_wconf 88' lang='lat' dir='ltr'><strong>tinibus</strong></span> <span class='ocrx_word' id='word_1_21' title='bbox 982 527 1126 589; x_wconf 89' lang='lat' dir='ltr'><strong>utendum</strong></span> <span class='ocrx_word' id='word_1_22' title='bbox 1147 536 1176 589; x_wconf 77' lang='lat' dir='ltr'><strong>ut</strong></span> 
     </span>
     <span class='ocr_line' id='line_1_4' title="bbox 10 610 1126 686; baseline -0.002 -10"><span class='ocrx_word' id='word_1_23' title='bbox 10 636 27 676; x_wconf 75' lang='lat' dir='ltr'><strong>e</strong></span> <span class='ocrx_word' id='word_1_24' title='bbox 60 610 199 686; x_wconf 77' lang='lat' dir='ltr'><strong>arbitror,</strong></span> <span class='ocrx_word' id='word_1_25' title='bbox 221 618 255 674; x_wconf 92' lang='lat' dir='ltr'><strong>ut</strong></span> <span class='ocrx_word' id='word_1_26' title='bbox 276 630 345 673; x_wconf 89' lang='lat' dir='ltr'><strong>cum</strong></span> <span class='ocrx_word' id='word_1_27' title='bbox 367 610 514 672; x_wconf 88' lang='lat' dir='ltr'><strong>emendati</strong></span> <span class='ocrx_word' id='word_1_28' title='bbox 536 628 634 673; x_wconf 90' lang='lat' dir='ltr'><strong>mores</strong></span> <span class='ocrx_word' id='word_1_29' title='bbox 648 610 812 671; x_wconf 91' lang='lat' dir='ltr'><strong>amicorum</strong></span> <span class='ocrx_word' id='word_1_30' title='bbox 827 610 896 686; x_wconf 85' lang='lat' dir='ltr'><strong>sint,</strong></span> <span class='ocrx_word' id='word_1_31' title='bbox 918 619 981 672; x_wconf 92' lang='lat' dir='ltr'><strong>tum</strong></span> <span class='ocrx_word' id='word_1_32' title='bbox 996 612 1034 674; x_wconf 89' lang='lat' dir='ltr'><strong>sit</strong></span> <span class='ocrx_word' id='word_1_33' title='bbox 1047 612 1126 674; x_wconf 90' lang='lat' dir='ltr'><strong>inter</strong></span> 
     </span>
     <span class='ocr_line' id='line_1_5' title="bbox 10 695 1125 778; baseline -0.001 -18"><span class='ocrx_word' id='word_1_34' title='bbox 10 721 21 761; x_wconf 79' lang='lat' dir='ltr'><strong>e</strong></span> <span class='ocrx_word' id='word_1_35' title='bbox 59 715 113 759; x_wconf 88' lang='lat' dir='ltr'><strong>eos</strong></span> <span class='ocrx_word' id='word_1_36' title='bbox 143 697 275 758; x_wconf 90' lang='lat' dir='ltr'><strong>omnium</strong></span> <span class='ocrx_word' id='word_1_37' title='bbox 302 715 402 758; x_wconf 90' lang='lat' dir='ltr'><strong>rerum</strong></span> <span class='ocrx_word' id='word_1_38' title='bbox 430 695 621 758; x_wconf 90' lang='lat' dir='ltr'><strong>consiliorum</strong></span> <span class='ocrx_word' id='word_1_39' title='bbox 648 696 832 757; x_wconf 81' lang='lat' dir='ltr'>voluntatum</span> <span class='ocrx_word' id='word_1_40' title='bbox 854 696 918 758; x_wconf 92' lang='lat' dir='ltr'><strong>sine</strong></span> <span class='ocrx_word' id='word_1_41' title='bbox 938 697 999 758; x_wconf 90' lang='lat' dir='ltr'><strong>ulla</strong></span> <span class='ocrx_word' id='word_1_42' title='bbox 1019 716 1125 778; x_wconf 83' lang='lat' dir='ltr'><strong>excep·</strong></span> 
     </span>
     <span class='ocr_line' id='line_1_6' title="bbox 16 781 1126 861; baseline 0.002 -18"><span class='ocrx_word' id='word_1_43' title='bbox 16 820 24 835; x_wconf 92' lang='lat'><strong>.-</strong></span> <span class='ocrx_word' id='word_1_44' title='bbox 56 782 144 843; x_wconf 87' lang='lat' dir='ltr'><strong>tione</strong></span> <span class='ocrx_word' id='word_1_45' title='bbox 165 781 373 845; x_wconf 87' lang='lat' dir='ltr'><strong>communitas:</strong></span> <span class='ocrx_word' id='word_1_46' title='bbox 399 790 432 843; x_wconf 89' lang='lat' dir='ltr'><strong>ut</strong></span> <span class='ocrx_word' id='word_1_47' title='bbox 447 782 534 843; x_wconf 90' lang='lat' dir='ltr'><strong>etiam</strong></span> <span class='ocrx_word' id='word_1_48' title='bbox 556 782 580 843; x_wconf 91' lang='lat' dir='ltr'><strong>si</strong></span> <span class='ocrx_word' id='word_1_49' title='bbox 602 799 660 861; x_wconf 87' lang='lat' dir='ltr'><strong>qua</strong></span> <span class='ocrx_word' id='word_1_50' title='bbox 680 782 799 843; x_wconf 84' lang='lat' dir='ltr'><strong>fortuna</strong></span> <span class='ocrx_word' id='word_1_51' title='bbox 820 781 959 843; x_wconf 88' lang='lat' dir='ltr'><strong>acciderit</strong></span> <span class='ocrx_word' id='word_1_52' title='bbox 979 790 1013 844; x_wconf 94' lang='lat' dir='ltr'><strong>ut</strong></span> <span class='ocrx_word' id='word_1_53' title='bbox 1027 784 1126 845; x_wconf 91' lang='lat' dir='ltr'><strong>minus</strong></span> 
     </span>
     <span class='ocr_line' id='line_1_7' title="bbox 20 866 1126 947; baseline -0.001 -18"><span class='ocrx_word' id='word_1_54' title='bbox 20 914 24 929; x_wconf 76' lang='grc'><em>,</em></span> <span class='ocrx_word' id='word_1_55' title='bbox 58 867 155 930; x_wconf 88' lang='lat' dir='ltr'><strong>iustae</strong></span> <span class='ocrx_word' id='word_1_56' title='bbox 176 867 338 929; x_wconf 92' lang='lat' dir='ltr'><strong>amicorum</strong></span> <span class='ocrx_word' id='word_1_57' title='bbox 359 868 524 929; x_wconf 85' lang='lat' dir='ltr'><strong>voluntates</strong></span> <span class='ocrx_word' id='word_1_58' title='bbox 544 866 722 929; x_wconf 86' lang='lat' dir='ltr'><strong>adiuvandae</strong></span> <span class='ocrx_word' id='word_1_59' title='bbox 744 867 817 942; x_wconf 87' lang='lat' dir='ltr'><strong>sint,</strong></span> <span class='ocrx_word' id='word_1_60' title='bbox 838 866 870 928; x_wconf 92' lang='lat' dir='ltr'><strong>in</strong></span> <span class='ocrx_word' id='word_1_61' title='bbox 893 867 1001 947; x_wconf 87' lang='lat' dir='ltr'><strong>quibus</strong></span> <span class='ocrx_word' id='word_1_62' title='bbox 1023 887 1126 930; x_wconf 89' lang='lat' dir='ltr'><strong>eorum</strong></span> 
     </span>
     <span class='ocr_line' id='line_1_8' title="bbox 10 951 1125 1034; baseline 0.002 -22"><span class='ocrx_word' id='word_1_63' title='bbox 10 980 26 1021; x_wconf 57' lang='grc' dir='ltr'><strong>ε,</strong></span> <span class='ocrx_word' id='word_1_64' title='bbox 57 961 113 1014; x_wconf 87' lang='lat' dir='ltr'><strong>aut</strong></span> <span class='ocrx_word' id='word_1_65' title='bbox 133 961 222 1034; x_wconf 85' lang='lat' dir='ltr'><strong>caput</strong></span> <span class='ocrx_word' id='word_1_66' title='bbox 243 960 345 1032; x_wconf 85' lang='lat' dir='ltr'><strong>agatur</strong></span> <span class='ocrx_word' id='word_1_67' title='bbox 365 961 415 1019; x_wconf 84' lang='lat' dir='ltr'><strong>aut</strong></span> <span class='ocrx_word' id='word_1_68' title='bbox 436 954 520 1028; x_wconf 86' lang='lat' dir='ltr'><strong>fama,</strong></span> <span class='ocrx_word' id='word_1_69' title='bbox 543 951 751 1014; x_wconf 87' lang='lat' dir='ltr'><strong>decbnandum</strong></span> <span class='ocrx_word' id='word_1_70' title='bbox 772 952 808 1014; x_wconf 94' lang='lat' dir='ltr'><strong>de</strong></span> <span class='ocrx_word' id='word_1_71' title='bbox 828 952 873 1012; x_wconf 89' lang='lat' dir='ltr'><strong>ria</strong></span> <span class='ocrx_word' id='word_1_72' title='bbox 895 960 952 1028; x_wconf 89' lang='lat' dir='ltr'><strong>est,</strong></span> <span class='ocrx_word' id='word_1_73' title='bbox 975 954 1063 1015; x_wconf 93' lang='lat' dir='ltr'><strong>modo</strong></span> <span class='ocrx_word' id='word_1_74' title='bbox 1087 971 1125 1014; x_wconf 88' lang='lat' dir='ltr'><strong>ne</strong></span> 
     </span>
     <span class='ocr_line' id='line_1_9' title="bbox 10 1037 1125 1118; baseline -0.006 -13"><span class='ocrx_word' id='word_1_75' title='bbox 10 1065 22 1105; x_wconf 77' lang='lat' dir='ltr'><strong>e</strong></span> <span class='ocrx_word' id='word_1_76' title='bbox 57 1056 176 1100; x_wconf 86' lang='lat' dir='ltr'><strong>summa</strong></span> <span class='ocrx_word' id='word_1_77' title='bbox 202 1038 355 1117; x_wconf 82' lang='lat' dir='ltr'><strong>turpitudo</strong></span> <span class='ocrx_word' id='word_1_78' title='bbox 378 1046 533 1118; x_wconf 83' lang='lat' dir='ltr'><strong>sequatm3</strong></span> <span class='ocrx_word' id='word_1_79' title='bbox 562 1046 608 1100; x_wconf 92' lang='lat' dir='ltr'><strong>est</strong></span> <span class='ocrx_word' id='word_1_80' title='bbox 629 1037 709 1099; x_wconf 91' lang='lat' dir='ltr'><strong>enim</strong></span> <span class='ocrx_word' id='word_1_81' title='bbox 731 1045 876 1117; x_wconf 89' lang='lat' dir='ltr'><strong>quatenus</strong></span> <span class='ocrx_word' id='word_1_82' title='bbox 898 1038 1041 1101; x_wconf 91' lang='lat' dir='ltr'><strong>amicitiae</strong></span> <span class='ocrx_word' id='word_1_83' title='bbox 1063 1039 1125 1100; x_wconf 92' lang='lat' dir='ltr'><strong>dari</strong></span> 
     </span>
     <span class='ocr_line' id='line_1_10' title="bbox 10 1123 1126 1205; baseline 0 -21"><span class='ocrx_word' id='word_1_84' title='bbox 10 1152 19 1191; x_wconf 64' lang='grc' dir='ltr'>ι</span> <span class='ocrx_word' id='word_1_85' title='bbox 56 1123 145 1184; x_wconf 86' lang='lat' dir='ltr'><strong>venia</strong></span> <span class='ocrx_word' id='word_1_86' title='bbox 172 1124 274 1205; x_wconf 87' lang='lat' dir='ltr'><strong>possit.</strong></span> <span class='ocrx_word' id='word_1_87' title='bbox 318 1124 379 1185; x_wconf 90' lang='lat' dir='ltr'><strong>Nec</strong></span> <span class='ocrx_word' id='word_1_88' title='bbox 406 1141 476 1185; x_wconf 83' lang='lat' dir='ltr'><strong>vero</strong></span> <span class='ocrx_word' id='word_1_89' title='bbox 506 1123 688 1203; x_wconf 83' lang='lat' dir='ltr'><strong>neglegenda</strong></span> <span class='ocrx_word' id='word_1_90' title='bbox 717 1130 761 1184; x_wconf 88' lang='lat' dir='ltr'><strong>est</strong></span> <span class='ocrx_word' id='word_1_91' title='bbox 782 1123 873 1197; x_wconf 87' lang='lat' dir='ltr'><strong>fama,</strong></span> <span class='ocrx_word' id='word_1_92' title='bbox 900 1142 956 1185; x_wconf 90' lang='lat' dir='ltr'><strong>nec</strong></span> <span class='ocrx_word' id='word_1_93' title='bbox 977 1123 1126 1185; x_wconf 83' lang='lat' dir='ltr'><strong>mediocre</strong></span> 
     </span>
     <span class='ocr_line' id='line_1_11' title="bbox 10 1207 1125 1288; baseline 0.001 -19"><span class='ocrx_word' id='word_1_94' title='bbox 10 1236 17 1261; x_wconf 91' lang='lat'><strong>.-</strong></span> <span class='ocrx_word' id='word_1_95' title='bbox 57 1209 152 1269; x_wconf 86' lang='lat' dir='ltr'><strong>telum</strong></span> <span class='ocrx_word' id='word_1_96' title='bbox 180 1210 218 1270; x_wconf 90' lang='lat' dir='ltr'><strong>ad</strong></span> <span class='ocrx_word' id='word_1_97' title='bbox 245 1227 293 1271; x_wconf 92' lang='lat' dir='ltr'><strong>res</strong></span> <span class='ocrx_word' id='word_1_98' title='bbox 318 1208 462 1288; x_wconf 82' lang='lat' dir='ltr'><strong>gerendas</strong></span> <span class='ocrx_word' id='word_1_99' title='bbox 490 1208 656 1271; x_wconf 84' lang='lat' dir='ltr'><strong>existimare</strong></span> <span class='ocrx_word' id='word_1_100' title='bbox 684 1216 800 1288; x_wconf 86' lang='lat' dir='ltr'><strong>oportet</strong></span> <span class='ocrx_word' id='word_1_101' title='bbox 820 1207 1056 1270; x_wconf 84' lang='lat' dir='ltr'><strong>benevolentiam</strong></span> <span class='ocrx_word' id='word_1_102' title='bbox 1083 1209 1125 1270; x_wconf 91' lang='lat' dir='ltr'><strong>ci-</strong></span> 
     </span>
     <span class='ocr_line' id='line_1_12' title="bbox 10 1293 1126 1374; baseline 0.003 -21"><span class='ocrx_word' id='word_1_103' title='bbox 10 1358 14 1363; x_wconf 69' lang='grc'><strong>,</strong></span> <span class='ocrx_word' id='word_1_104' title='bbox 57 1293 152 1355; x_wconf 87' lang='lat' dir='ltr'><strong>vium:</strong></span> <span class='ocrx_word' id='word_1_105' title='bbox 180 1311 267 1374; x_wconf 89' lang='lat' dir='ltr'><strong>quam</strong></span> <span class='ocrx_word' id='word_1_106' title='bbox 288 1293 438 1357; x_wconf 86' lang='lat' dir='ltr'><strong>blanditiis</strong></span> <span class='ocrx_word' id='word_1_107' title='bbox 460 1302 490 1356; x_wconf 87' lang='lat' dir='ltr'><strong>et</strong></span> <span class='ocrx_word' id='word_1_108' title='bbox 511 1295 687 1356; x_wconf 86' lang='lat' dir='ltr'><strong>assentando</strong></span> <span class='ocrx_word' id='word_1_109' title='bbox 702 1293 841 1373; x_wconf 75' lang='lat' dir='ltr'><strong>colligere</strong></span> <span class='ocrx_word' id='word_1_110' title='bbox 855 1301 943 1374; x_wconf 90' lang='lat' dir='ltr'><strong>turpe</strong></span> <span class='ocrx_word' id='word_1_111' title='bbox 958 1305 1012 1371; x_wconf 86' lang='lat' dir='ltr'><strong>est,</strong></span> <span class='ocrx_word' id='word_1_112' title='bbox 1033 1295 1126 1356; x_wconf 86' lang='lat' dir='ltr'><strong>virtus</strong></span> 
     </span>
     <span class='ocr_line' id='line_1_13' title="bbox 10 1379 1180 1460; baseline 0 -20"><span class='ocrx_word' id='word_1_113' title='bbox 10 1410 12 1417; x_wconf 95' lang='lat'>·</span> <span class='ocrx_word' id='word_1_114' title='bbox 59 1397 150 1458; x_wconf 86' lang='lat' dir='ltr'><strong>quam</strong></span> <span class='ocrx_word' id='word_1_115' title='bbox 171 1379 306 1460; x_wconf 88' lang='lat' dir='ltr'><strong>sequitur</strong></span> <span class='ocrx_word' id='word_1_116' title='bbox 327 1380 432 1443; x_wconf 86' lang='lat' dir='ltr'><strong>caritas</strong></span> <span class='ocrx_word' id='word_1_117' title='bbox 453 1380 574 1442; x_wconf 89' lang='lat' dir='ltr'><strong>minime</strong></span> <span class='ocrx_word' id='word_1_118' title='bbox 596 1379 778 1459; x_wconf 90' lang='lat' dir='ltr'><strong>repudianda</strong></span> <span class='ocrx_word' id='word_1_119' title='bbox 800 1386 854 1440; x_wconf 69' lang='lat' dir='ltr'><strong>est,</strong></span> <span class='ocrx_word' id='word_1_120' title='bbox 1176 1402 1180 1407; x_wconf 94' lang='grc'><em>·</em></span> 
     </span>
     <span class='ocr_line' id='line_1_14' title="bbox 145 1463 1176 1547; baseline 0 -21"><span class='ocrx_word' id='word_1_121' title='bbox 145 1463 204 1526; x_wconf 89' lang='lat' dir='ltr'><strong>Sed</strong></span> <span class='ocrx_word' id='word_1_122' title='bbox 221 1483 310 1547; x_wconf 88' lang='lat' dir='ltr'><strong>saepe</strong></span> <span class='ocrx_word' id='word_1_123' title='bbox 328 1501 362 1512; x_wconf 98' lang='lat'>-</span> <span class='ocrx_word' id='word_1_124' title='bbox 381 1484 449 1526; x_wconf 89' lang='lat' dir='ltr'><strong>nam</strong></span> <span class='ocrx_word' id='word_1_125' title='bbox 463 1465 552 1527; x_wconf 94' lang='lat' dir='ltr'><strong>redeo</strong></span> <span class='ocrx_word' id='word_1_126' title='bbox 568 1465 603 1526; x_wconf 95' lang='lat' dir='ltr'><strong>ad</strong></span> <span class='ocrx_word' id='word_1_127' title='bbox 619 1465 797 1544; x_wconf 87' lang='lat' dir='ltr'><strong>Scipionem,</strong></span> <span class='ocrx_word' id='word_1_128' title='bbox 819 1465 904 1526; x_wconf 91' lang='lat' dir='ltr'><strong>cuius</strong></span> <span class='ocrx_word' id='word_1_129' title='bbox 918 1465 1015 1526; x_wconf 89' lang='lat' dir='ltr'><strong>omnis</strong></span> <span class='ocrx_word' id='word_1_130' title='bbox 1028 1483 1126 1526; x_wconf 90' lang='lat' dir='ltr'><strong>sermo</strong></span> <span class='ocrx_word' id='word_1_131' title='bbox 1147 1475 1176 1526; x_wconf 82' lang='grc'><strong>62</strong></span> 
     </span>
     <span class='ocr_line' id='line_1_15' title="bbox 58 1549 1126 1631; baseline 0.001 -21"><span class='ocrx_word' id='word_1_132' title='bbox 58 1557 125 1610; x_wconf 90' lang='lat' dir='ltr'><strong>erat</strong></span> <span class='ocrx_word' id='word_1_133' title='bbox 145 1549 182 1611; x_wconf 88' lang='lat' dir='ltr'><strong>de</strong></span> <span class='ocrx_word' id='word_1_134' title='bbox 204 1550 392 1612; x_wconf 88' lang='lat' dir='ltr'><strong>amicitia-</strong></span> <span class='ocrx_word' id='word_1_135' title='bbox 414 1551 594 1631; x_wconf 89' lang='lat' dir='ltr'><strong>querebatur</strong></span> <span class='ocrx_word' id='word_1_136' title='bbox 616 1551 695 1629; x_wconf 92' lang='lat' dir='ltr'><strong>quod</strong></span> <span class='ocrx_word' id='word_1_137' title='bbox 719 1549 857 1612; x_wconf 89' lang='lat' dir='ltr'><strong>omnibus</strong></span> <span class='ocrx_word' id='word_1_138' title='bbox 879 1551 909 1611; x_wconf 91' lang='lat' dir='ltr'><strong>in</strong></span> <span class='ocrx_word' id='word_1_139' title='bbox 925 1551 1015 1613; x_wconf 91' lang='lat' dir='ltr'><strong>rebus</strong></span> <span class='ocrx_word' id='word_1_140' title='bbox 1029 1551 1126 1612; x_wconf 91' lang='lat' dir='ltr'><strong>homi-</strong></span> 
     </span>
    </p>
   </div>
   <div class='ocr_carea' id='block_1_3' title="bbox 10 1697 1126 4022">
    <p class='ocr_par' dir='ltr' id='par_1_3' title="bbox 10 1697 1126 4022">
     <span class='ocr_line' id='line_1_16' title="bbox 92 1697 1006 1767; baseline 0.002 -17"><span class='ocrx_word' id='word_1_141' title='bbox 92 1697 168 1753; x_wconf 83' lang='lat' dir='ltr'><strong>XVll.</strong></span> <span class='ocrx_word' id='word_1_142' title='bbox 178 1701 220 1756; x_wconf 82' lang='lat'><strong>61.</strong></span> <span class='ocrx_word' id='word_1_143' title='bbox 232 1703 365 1755; x_wconf 81' lang='lat' dir='ltr'><strong>emendati</strong></span> <span class='ocrx_word' id='word_1_144' title='bbox 375 1701 508 1767; x_wconf 88' lang='lat' dir='ltr'><strong>makcllos,</strong></span> <span class='ocrx_word' id='word_1_145' title='bbox 520 1717 566 1754; x_wconf 91' lang='lat' dir='ltr'><strong>un·</strong></span> <span class='ocrx_word' id='word_1_146' title='bbox 615 1699 704 1754; x_wconf 88' lang='lat' dir='ltr'><strong>beides</strong></span> <span class='ocrx_word' id='word_1_147' title='bbox 720 1699 834 1753; x_wconf 87' lang='lat' dir='ltr'><strong>bildlicb.</strong></span> <span class='ocrx_word' id='word_1_148' title='bbox 1003 1718 1006 1725; x_wconf 90' lang='lat'>·</span> 
     </span>
     <span class='ocr_line' id='line_1_17' title="bbox 58 1767 1122 1838; baseline 0.002 -18"><span class='ocrx_word' id='word_1_149' title='bbox 58 1767 192 1822; x_wconf 85' lang='lat' dir='ltr'><strong>tadelhalt</strong></span> <span class='ocrx_word' id='word_1_150' title='bbox 651 1772 737 1821; x_wconf 78' lang='lat' dir='ltr'><strong>virtue</strong></span> <span class='ocrx_word' id='word_1_151' title='bbox 763 1767 982 1835; x_wconf 78' lang='lat' dir='ltr'><strong>gegensitzliches</strong></span> <span class='ocrx_word' id='word_1_152' title='bbox 1004 1768 1122 1838; x_wconf 84' lang='lat' dir='ltr'><strong>Asynde·</strong></span> 
     </span>
     <span class='ocr_line' id='line_1_18' title="bbox 10 1836 1125 1905; baseline 0.001 -18"><span class='ocrx_word' id='word_1_153' title='bbox 10 1864 14 1871; x_wconf 93' lang='lat'><em>·</em></span> <span class='ocrx_word' id='word_1_154' title='bbox 90 1838 150 1888; x_wconf 82' lang='lat' dir='ltr'><strong>eine</strong></span> <span class='ocrx_word' id='word_1_155' title='bbox 161 1836 219 1888; x_wconf 80' lang='lat' dir='ltr'><strong>ulla</strong></span> <span class='ocrx_word' id='word_1_156' title='bbox 228 1839 382 1905; x_wconf 68' lang='lat' dir='ltr'><strong>ecceptioae</strong></span> <span class='ocrx_word' id='word_1_157' title='bbox 394 1840 568 1890; x_wconf 82' lang='lat' dir='ltr'><strong>communitus</strong></span> <span class='ocrx_word' id='word_1_158' title='bbox 617 1840 671 1889; x_wconf 87' lang='lat' dir='ltr'><strong>ton.</strong></span> <span class='ocrx_word' id='word_1_159' title='bbox 693 1836 816 1890; x_wconf 84' lang='lat' dir='ltr'><strong>Weshalb</strong></span> <span class='ocrx_word' id='word_1_160' title='bbox 829 1837 889 1889; x_wconf 87' lang='lat' dir='ltr'><strong>aber</strong></span> <span class='ocrx_word' id='word_1_161' title='bbox 897 1841 984 1888; x_wconf 81' lang='lat' dir='ltr'><strong>virtus</strong></span> <span class='ocrx_word' id='word_1_162' title='bbox 996 1854 1076 1904; x_wconf 81' lang='lat' dir='ltr'><strong>poem</strong></span> <span class='ocrx_word' id='word_1_163' title='bbox 1087 1855 1125 1888; x_wconf 81' lang='lat' dir='ltr'><strong>ee-</strong></span> 
     </span>
     <span class='ocr_line' id='line_1_19' title="bbox 58 1905 1125 1971; baseline 0.003 -16"><span class='ocrx_word' id='word_1_164' title='bbox 58 1905 110 1957; x_wconf 86' lang='lat' dir='ltr'><strong>wie</strong></span> <span class='ocrx_word' id='word_1_165' title='bbox 121 1907 152 1956; x_wconf 79' lang='lat' dir='ltr'><strong>in</strong></span> <span class='ocrx_word' id='word_1_166' title='bbox 162 1909 235 1958; x_wconf 80' lang='lat' dir='ltr'><strong>omna·</strong></span> <span class='ocrx_word' id='word_1_167' title='bbox 245 1923 275 1958; x_wconf 83' lang='lat' dir='ltr'><strong>re</strong></span> <span class='ocrx_word' id='word_1_168' title='bbox 286 1910 423 1958; x_wconf 76' lang='lat' dir='ltr'><strong>severitas:</strong></span> <span class='ocrx_word' id='word_1_169' title='bbox 436 1922 468 1958; x_wconf 87' lang='lat' dir='ltr'><strong>zu</strong></span> <span class='ocrx_word' id='word_1_170' title='bbox 475 1906 516 1958; x_wconf 87' lang='lat' dir='ltr'><strong>Vl.</strong></span> <span class='ocrx_word' id='word_1_171' title='bbox 526 1909 567 1959; x_wconf 88' lang='grc'><strong>20.</strong></span> <span class='ocrx_word' id='word_1_172' title='bbox 618 1908 711 1971; x_wconf 80' lang='lat' dir='ltr'><strong>quitur</strong></span> <span class='ocrx_word' id='word_1_173' title='bbox 720 1909 820 1957; x_wconf 70' lang='lat' dir='ltr'><strong>ceratae</strong></span> <span class='ocrx_word' id='word_1_174' title='bbox 829 1909 879 1971; x_wconf 88' lang='lat' dir='ltr'><strong>cto,</strong></span> <span class='ocrx_word' id='word_1_175' title='bbox 891 1905 1013 1958; x_wconf 77' lang='lat' dir='ltr'><strong>wibrend</strong></span> <span class='ocrx_word' id='word_1_176' title='bbox 1023 1906 1068 1958; x_wconf 91' lang='lat' dir='ltr'><strong>der</strong></span> <span class='ocrx_word' id='word_1_177' title='bbox 1077 1905 1125 1958; x_wconf 83' lang='lat' dir='ltr'><strong>Ge·</strong></span> 
     </span>
     <span class='ocr_line' id='line_1_20' title="bbox 91 1967 1126 2040; baseline 0.002 -16"><span class='ocrx_word' id='word_1_178' title='bbox 91 1977 125 2024; x_wconf 80' lang='lat' dir='ltr'><strong>ot</strong></span> <span class='ocrx_word' id='word_1_179' title='bbox 142 1977 222 2025; x_wconf 83' lang='lat' dir='ltr'><strong>etiem</strong></span> <span class='ocrx_word' id='word_1_180' title='bbox 238 1977 263 2026; x_wconf 76' lang='lat' dir='ltr'><strong>ei</strong></span> <span class='ocrx_word' id='word_1_181' title='bbox 276 1967 339 2027; x_wconf 81' lang='lat' dir='ltr'><strong>‘wic</strong></span> <span class='ocrx_word' id='word_1_182' title='bbox 357 1975 429 2028; x_wconf 80' lang='lat' dir='ltr'><strong>denrn&#39;</strong></span> <span class='ocrx_word' id='word_1_183' title='bbox 442 1975 523 2027; x_wconf 85' lang='lat' dir='ltr'><strong>selbst</strong></span> <span class='ocrx_word' id='word_1_184' title='bbox 540 1975 566 2026; x_wconf 90' lang='lat' dir='ltr'><strong>in</strong></span> <span class='ocrx_word' id='word_1_185' title='bbox 619 1978 723 2040; x_wconf 77' lang='lat' dir='ltr'><strong>genseta</strong></span> <span class='ocrx_word' id='word_1_186' title='bbox 748 1979 829 2026; x_wconf 80' lang='lat' dir='ltr'><strong>etwas</strong></span> <span class='ocrx_word' id='word_1_187' title='bbox 853 1973 959 2026; x_wconf 89' lang='lat' dir='ltr'><strong>anderes</strong></span> <span class='ocrx_word' id='word_1_188' title='bbox 976 1990 1009 2027; x_wconf 82' lang='lat' dir='ltr'><strong>au</strong></span> <span class='ocrx_word' id='word_1_189' title='bbox 1026 1975 1126 2027; x_wconf 86' lang='lat' dir='ltr'><strong>verlan-</strong></span> 
     </span>
     <span class='ocr_line' id='line_1_21' title="bbox 58 2033 1125 2108; baseline 0 -16"><span class='ocrx_word' id='word_1_190' title='bbox 58 2039 117 2093; x_wconf 88' lang='lat' dir='ltr'><strong>dem</strong></span> <span class='ocrx_word' id='word_1_191' title='bbox 128 2033 288 2095; x_wconf 82' lang='lat' dir='ltr'><strong>Falledats‘.</strong></span> <span class='ocrx_word' id='word_1_192' title='bbox 321 2042 481 2096; x_wconf 81' lang='lat' dir='ltr'><strong>Konselmtiv</strong></span> <span class='ocrx_word' id='word_1_193' title='bbox 497 2042 568 2095; x_wconf 85' lang='lat' dir='ltr'><strong>kann</strong></span> <span class='ocrx_word' id='word_1_194' title='bbox 618 2057 668 2108; x_wconf 77' lang='lat' dir='ltr'><strong>gen</strong></span> <span class='ocrx_word' id='word_1_195' title='bbox 680 2043 791 2095; x_wconf 86' lang='lat' dir='ltr'><strong>scheint:</strong></span> <span class='ocrx_word' id='word_1_196' title='bbox 809 2044 876 2094; x_wconf 81' lang='lat' dir='ltr'><strong>elwa</strong></span> <span class='ocrx_word' id='word_1_197' title='bbox 889 2043 987 2094; x_wconf 79' lang='lat' dir='ltr'><strong>uirtute</strong></span> <span class='ocrx_word' id='word_1_198' title='bbox 999 2044 1125 2108; x_wconf 77' lang='lat' dir='ltr'><strong>colligere</strong></span> 
     </span>
     <span class='ocr_line' id='line_1_22' title="bbox 58 2108 1125 2178; baseline 0.001 -17"><span class='ocrx_word' id='word_1_199' title='bbox 58 2108 143 2162; x_wconf 86' lang='lat' dir='ltr'><strong>dieses</strong></span> <span class='ocrx_word' id='word_1_200' title='bbox 155 2115 188 2161; x_wconf 81' lang='lat' dir='ltr'><strong>ut</strong></span> <span class='ocrx_word' id='word_1_201' title='bbox 198 2110 346 2178; x_wconf 75' lang='lat' dir='ltr'><strong>unmbglich</strong></span> <span class='ocrx_word' id='word_1_202' title='bbox 359 2112 426 2164; x_wconf 83' lang='lat' dir='ltr'><strong>sein:</strong></span> <span class='ocrx_word' id='word_1_203' title='bbox 443 2111 514 2163; x_wconf 88' lang='lat' dir='ltr'><strong>nicht</strong></span> <span class='ocrx_word' id='word_1_204' title='bbox 526 2125 568 2163; x_wconf 91' lang='lat' dir='ltr'><strong>so·</strong></span> <span class='ocrx_word' id='word_1_205' title='bbox 617 2113 757 2162; x_wconf 80' lang='lat' dir='ltr'><strong>ceritatem</strong></span> <span class='ocrx_word' id='word_1_206' title='bbox 763 2112 872 2162; x_wconf 77' lang='lat' dir='ltr'><strong>minime</strong></span> <span class='ocrx_word' id='word_1_207' title='bbox 879 2115 965 2178; x_wconf 83' lang='lat' dir='ltr'><strong>turpe,</strong></span> <span class='ocrx_word' id='word_1_208' title='bbox 974 2111 1036 2163; x_wconf 86' lang='lat' dir='ltr'><strong>oder</strong></span> <span class='ocrx_word' id='word_1_209' title='bbox 1045 2114 1125 2162; x_wconf 83' lang='lat' dir='ltr'><strong>ettam</strong></span> 
     </span>
     <span class='ocr_line' id='line_1_23' title="bbox 57 2177 1125 2245; baseline 0.002 -17"><span class='ocrx_word' id='word_1_210' title='bbox 57 2177 130 2230; x_wconf 80' lang='lat' dir='ltr'><strong>wohl</strong></span> <span class='ocrx_word' id='word_1_211' title='bbox 155 2193 247 2245; x_wconf 76' lang='lat' dir='ltr'><strong>wegen</strong></span> <span class='ocrx_word' id='word_1_212' title='bbox 269 2179 315 2232; x_wconf 90' lang='lat' dir='ltr'><strong>des</strong></span> <span class='ocrx_word' id='word_1_213' title='bbox 331 2179 471 2232; x_wconf 81' lang='lat' dir='ltr'><strong>Indikeuvs</strong></span> <span class='ocrx_word' id='word_1_214' title='bbox 489 2179 567 2230; x_wconf 86' lang='lat' dir='ltr'><strong>deeli-</strong></span> <span class='ocrx_word' id='word_1_215' title='bbox 618 2179 751 2231; x_wconf 68' lang='lat' dir='ltr'><strong>modulatis</strong></span> <span class='ocrx_word' id='word_1_216' title='bbox 769 2180 823 2229; x_wconf 79' lang='lat' dir='ltr'><strong>ect‘t</strong></span> <span class='ocrx_word' id='word_1_217' title='bbox 852 2177 920 2230; x_wconf 87' lang='lat' dir='ltr'><strong>Wcit</strong></span> <span class='ocrx_word' id='word_1_218' title='bbox 932 2179 1065 2231; x_wconf 86' lang='lat' dir='ltr'><strong>einerseits</strong></span> <span class='ocrx_word' id='word_1_219' title='bbox 1083 2178 1125 2230; x_wconf 91' lang='lat' dir='ltr'><strong>die</strong></span> 
     </span>
     <span class='ocr_line' id='line_1_24' title="bbox 58 2246 1124 2313; baseline 0 -15"><span class='ocrx_word' id='word_1_220' title='bbox 58 2247 180 2298; x_wconf 76' lang='lat' dir='ltr'><strong>madum</strong></span> <span class='ocrx_word' id='word_1_221' title='bbox 188 2246 569 2312; x_wconf 77' lang='lat' dir='ltr'><strong>eet(denndiescrkbnnteaul</strong></span> <span class='ocrx_word' id='word_1_222' title='bbox 617 2246 726 2313; x_wconf 78' lang='lat' dir='ltr'><strong>&#39;legend</strong></span> <span class='ocrx_word' id='word_1_223' title='bbox 742 2265 769 2299; x_wconf 81' lang='lat' dir='ltr'><strong>ee</strong></span> <span class='ocrx_word' id='word_1_224' title='bbox 787 2250 847 2312; x_wconf 79' lang='lat' dir='ltr'><strong>ipsa</strong></span> <span class='ocrx_word' id='word_1_225' title='bbox 864 2251 988 2298; x_wconf 75' lang='lat' dir='ltr'><strong>cosmeta</strong></span> <span class='ocrx_word' id='word_1_226' title='bbox 1006 2246 1053 2309; x_wconf 82' lang='lat' dir='ltr'><strong>ist,</strong></span> <span class='ocrx_word' id='word_1_227' title='bbox 1071 2246 1124 2298; x_wconf 93' lang='lat' dir='ltr'><strong>und</strong></span> 
     </span>
     <span class='ocr_line' id='line_1_25' title="bbox 59 2313 1123 2381; baseline 0 -15"><span class='ocrx_word' id='word_1_228' title='bbox 59 2314 130 2367; x_wconf 88' lang='lat' dir='ltr'><strong>einer</strong></span> <span class='ocrx_word' id='word_1_229' title='bbox 135 2314 309 2369; x_wconf 80' lang='lat' dir='ltr'><strong>Anakoluthic</strong></span> <span class='ocrx_word' id='word_1_230' title='bbox 318 2316 449 2381; x_wconf 87' lang='lat' dir='ltr'><strong>beruhen),</strong></span> <span class='ocrx_word' id='word_1_231' title='bbox 459 2315 497 2367; x_wconf 89' lang='lat' dir='ltr'><strong>als</strong></span> <span class='ocrx_word' id='word_1_232' title='bbox 504 2314 568 2367; x_wconf 87' lang='lat' dir='ltr'><strong>vicl·</strong></span> <span class='ocrx_word' id='word_1_233' title='bbox 616 2314 723 2367; x_wconf 90' lang='lat' dir='ltr'><strong>niemals</strong></span> <span class='ocrx_word' id='word_1_234' title='bbox 740 2331 772 2367; x_wconf 88' lang='lat' dir='ltr'><strong>zu</strong></span> <span class='ocrx_word' id='word_1_235' title='bbox 785 2315 867 2367; x_wconf 89' lang='lat' dir='ltr'><strong>einem</strong></span> <span class='ocrx_word' id='word_1_236' title='bbox 878 2313 962 2366; x_wconf 87' lang='lat' dir='ltr'><strong>Mittcl</strong></span> <span class='ocrx_word' id='word_1_237' title='bbox 974 2314 1019 2366; x_wconf 91' lang='lat' dir='ltr'><strong>der</strong></span> <span class='ocrx_word' id='word_1_238' title='bbox 1030 2314 1123 2366; x_wconf 86' lang='lat' dir='ltr'><strong>Gunst-</strong></span> 
     </span>
     <span class='ocr_line' id='line_1_26' title="bbox 57 2381 1123 2450; baseline -0.001 -16"><span class='ocrx_word' id='word_1_239' title='bbox 57 2383 131 2435; x_wconf 85' lang='lat' dir='ltr'><strong>mehr</strong></span> <span class='ocrx_word' id='word_1_240' title='bbox 139 2398 230 2450; x_wconf 78' lang='lat' dir='ltr'><strong>wegen</strong></span> <span class='ocrx_word' id='word_1_241' title='bbox 244 2382 289 2437; x_wconf 86' lang='lat' dir='ltr'><strong>des</strong></span> <span class='ocrx_word' id='word_1_242' title='bbox 299 2384 353 2437; x_wconf 90' lang='lat' dir='ltr'><strong>sich</strong></span> <span class='ocrx_word' id='word_1_243' title='bbox 366 2384 433 2436; x_wconf 87' lang='lat' dir='ltr'><strong>dsnn</strong></span> <span class='ocrx_word' id='word_1_244' title='bbox 446 2384 567 2450; x_wconf 78' lang='lat' dir='ltr'><strong>engeben·</strong></span> <span class='ocrx_word' id='word_1_245' title='bbox 616 2383 767 2448; x_wconf 84' lang='lat' dir='ltr'><strong>erwerbung</strong></span> <span class='ocrx_word' id='word_1_246' title='bbox 785 2381 1008 2448; x_wconf 78' lang='lat' dir='ltr'><strong>hcrahgewfirdigt</strong></span> <span class='ocrx_word' id='word_1_247' title='bbox 1020 2381 1123 2434; x_wconf 86' lang='lat' dir='ltr'><strong>werden</strong></span> 
     </span>
     <span class='ocr_line' id='line_1_27' title="bbox 58 2449 1124 2516; baseline 0 -14"><span class='ocrx_word' id='word_1_248' title='bbox 58 2449 108 2503; x_wconf 90' lang='lat' dir='ltr'><strong>den</strong></span> <span class='ocrx_word' id='word_1_249' title='bbox 126 2449 256 2505; x_wconf 86' lang='lat' dir='ltr'><strong>Nonsens:</strong></span> <span class='ocrx_word' id='word_1_250' title='bbox 280 2451 376 2505; x_wconf 90' lang='lat' dir='ltr'><strong>Sobald</strong></span> <span class='ocrx_word' id='word_1_251' title='bbox 394 2453 435 2505; x_wconf 88' lang='lat' dir='ltr'><strong>die</strong></span> <span class='ocrx_word' id='word_1_252' title='bbox 452 2450 567 2504; x_wconf 85' lang='lat' dir='ltr'><strong>Freunde</strong></span> <span class='ocrx_word' id='word_1_253' title='bbox 615 2451 683 2513; x_wconf 83' lang='lat' dir='ltr'><strong>darl;</strong></span> <span class='ocrx_word' id='word_1_254' title='bbox 706 2451 758 2502; x_wconf 91' lang='lat' dir='ltr'><strong>und</strong></span> <span class='ocrx_word' id='word_1_255' title='bbox 775 2450 837 2501; x_wconf 83' lang='lat' dir='ltr'><strong>weil</strong></span> <span class='ocrx_word' id='word_1_256' title='bbox 854 2450 1022 2516; x_wconf 80' lang='lat' dir='ltr'><strong>andrenseits,</strong></span> <span class='ocrx_word' id='word_1_257' title='bbox 1046 2464 1124 2502; x_wconf 88' lang='lat' dir='ltr'><strong>wenu</strong></span> 
     </span>
     <span class='ocr_line' id='line_1_28' title="bbox 58 2516 1123 2586; baseline -0.002 -15"><span class='ocrx_word' id='word_1_258' title='bbox 58 2518 156 2572; x_wconf 86' lang='lat' dir='ltr'><strong>sittlieb</strong></span> <span class='ocrx_word' id='word_1_259' title='bbox 168 2520 342 2573; x_wconf 82' lang='lat' dir='ltr'><strong>rolllrommen</strong></span> <span class='ocrx_word' id='word_1_260' title='bbox 354 2520 419 2586; x_wconf 89' lang='lat' dir='ltr'><strong>sind,</strong></span> <span class='ocrx_word' id='word_1_261' title='bbox 430 2521 497 2572; x_wconf 84' lang='lat' dir='ltr'><strong>muts</strong></span> <span class='ocrx_word' id='word_1_262' title='bbox 510 2520 567 2572; x_wconf 89' lang='lat' dir='ltr'><strong>eine</strong></span> <span class='ocrx_word' id='word_1_263' title='bbox 617 2534 676 2571; x_wconf 90' lang='lat' dir='ltr'><strong>man</strong></span> <span class='ocrx_word' id='word_1_264' title='bbox 687 2518 729 2571; x_wconf 90' lang='lat' dir='ltr'><strong>die</strong></span> <span class='ocrx_word' id='word_1_265' title='bbox 742 2517 974 2585; x_wconf 74' lang='lat' dir='ltr'><strong>(unheabsichtigte</strong></span> <span class='ocrx_word' id='word_1_266' title='bbox 981 2516 1034 2571; x_wconf 94' lang='lat' dir='ltr'><strong>und</strong></span> <span class='ocrx_word' id='word_1_267' title='bbox 1043 2533 1123 2584; x_wconf 80' lang='lat' dir='ltr'><strong>unge·</strong></span> 
     </span>
     <span class='ocr_line' id='line_1_29' title="bbox 58 2586 1123 2723; baseline -0.001 -16"><span class='ocrx_word' id='word_1_268' title='bbox 58 2586 566 2723; x_wconf 52' lang='lat' dir='ltr'><strong>{bilbili‘iliilliliiilltlt</strong></span> <span class='ocrx_word' id='word_1_269' title='bbox 617 2586 1063 2721; x_wconf 57' lang='lat' dir='ltr'><strong>rtlttttttttttttttffltt</strong></span> <span class='ocrx_word' id='word_1_270' title='bbox 1077 2587 1123 2707; x_wconf 77' lang='lat' dir='ltr'><strong>tt</strong></span> 
     </span>
     <span class='ocr_line' id='line_1_30' title="bbox 997 2693 1004 2720; baseline 0 0"><span class='ocrx_word' id='word_1_271' title='bbox 997 2693 1004 2720; x_wconf 74' lang='lat'><em>2</em></span> 
     </span>
     <span class='ocr_line' id='line_1_31' title="bbox 57 2721 1122 2791; baseline 0 -16"><span class='ocrx_word' id='word_1_272' title='bbox 57 2721 191 2776; x_wconf 81' lang='lat' dir='ltr'><strong>desebe</strong></span> <span class='ocrx_word' id='word_1_273' title='bbox 208 2724 254 2778; x_wconf 86' lang='lat' dir='ltr'><strong>aul</strong></span> <span class='ocrx_word' id='word_1_274' title='bbox 270 2725 326 2778; x_wconf 89' lang='lat' dir='ltr'><strong>eine</strong></span> <span class='ocrx_word' id='word_1_275' title='bbox 344 2725 415 2777; x_wconf 89' lang='lat' dir='ltr'><strong>nicht</strong></span> <span class='ocrx_word' id='word_1_276' title='bbox 428 2740 492 2791; x_wconf 78' lang='lat' dir='ltr'><strong>gana</strong></span> <span class='ocrx_word' id='word_1_277' title='bbox 510 2725 567 2776; x_wconf 89' lang='lat' dir='ltr'><strong>sitt·</strong></span> <span class='ocrx_word' id='word_1_278' title='bbox 617 2721 684 2774; x_wconf 83' lang='lat' dir='ltr'><strong>That</strong></span> <span class='ocrx_word' id='word_1_279' title='bbox 702 2723 743 2775; x_wconf 89' lang='lat' dir='ltr'><strong>die</strong></span> <span class='ocrx_word' id='word_1_280' title='bbox 755 2722 862 2789; x_wconf 82' lang='lat' dir='ltr'><strong>Tugcnd</strong></span> <span class='ocrx_word' id='word_1_281' title='bbox 880 2723 960 2776; x_wconf 84' lang='lat' dir='ltr'><strong>selbst</strong></span> <span class='ocrx_word' id='word_1_282' title='bbox 978 2723 1122 2776; x_wconf 84' lang='lat' dir='ltr'><strong>verworfen</strong></span> 
     </span>
     <span class='ocr_line' id='line_1_32' title="bbox 57 2790 840 2847; baseline 0.003 -5"><span class='ocrx_word' id='word_1_283' title='bbox 57 2790 126 2844; x_wconf 85' lang='lat' dir='ltr'><strong>licbe</strong></span> <span class='ocrx_word' id='word_1_284' title='bbox 156 2791 243 2846; x_wconf 77' lang='lat' dir='ltr'><strong>Weiss</strong></span> <span class='ocrx_word' id='word_1_285' title='bbox 278 2797 434 2847; x_wconf 78' lang='lat' dir='ltr'><strong>unterstutzt</strong></span> <span class='ocrx_word' id='word_1_286' title='bbox 462 2793 566 2845; x_wconf 83' lang='lat' dir='ltr'><strong>werden</strong></span> <span class='ocrx_word' id='word_1_287' title='bbox 616 2791 720 2843; x_wconf 88' lang='lat' dir='ltr'><strong>werden</strong></span> <span class='ocrx_word' id='word_1_288' title='bbox 736 2792 840 2844; x_wconf 81' lang='lat' dir='ltr'><strong>mutstc.</strong></span> 
     </span>
     <span class='ocr_line' id='line_1_33' title="bbox 56 2857 1122 2926; baseline -0.001 -15"><span class='ocrx_word' id='word_1_289' title='bbox 56 2863 170 2913; x_wconf 74' lang='lat' dir='ltr'><strong>musaeu.</strong></span> <span class='ocrx_word' id='word_1_290' title='bbox 648 2862 725 2926; x_wconf 73' lang='lat' dir='ltr'><strong>sequa·</strong></span> <span class='ocrx_word' id='word_1_291' title='bbox 741 2859 792 2912; x_wconf 82' lang='lat' dir='ltr'><strong>wie</strong></span> <span class='ocrx_word' id='word_1_292' title='bbox 810 2859 873 2912; x_wconf 82' lang='lat' dir='ltr'><strong>Sall.</strong></span> <span class='ocrx_word' id='word_1_293' title='bbox 892 2860 946 2912; x_wconf 73' lang='lat' dir='ltr'><strong>tat,</strong></span> <span class='ocrx_word' id='word_1_294' title='bbox 963 2857 1024 2912; x_wconf 85' lang='lat' dir='ltr'><strong>Ltv.</strong></span> <span class='ocrx_word' id='word_1_295' title='bbox 1037 2861 1065 2912; x_wconf 83' lang='lat'><strong>5:</strong></span> <span class='ocrx_word' id='word_1_296' title='bbox 1082 2863 1122 2911; x_wconf 82' lang='lat' dir='ltr'><strong>ita</strong></span> 
     </span>
     <span class='ocr_line' id='line_1_34' title="bbox 90 2927 1122 2995; baseline -0.001 -14"><span class='ocrx_word' id='word_1_297' title='bbox 90 2943 146 2994; x_wconf 77' lang='lat' dir='ltr'><strong>qua</strong></span> <span class='ocrx_word' id='word_1_298' title='bbox 169 2927 282 2991; x_wconf 77' lang='lat' dir='ltr'><strong>fortuna</strong></span> <span class='ocrx_word' id='word_1_299' title='bbox 304 2929 355 2981; x_wconf 83' lang='lat' dir='ltr'><strong>wie</strong></span> <span class='ocrx_word' id='word_1_300' title='bbox 376 2929 428 2982; x_wconf 85' lang='lat' dir='ltr'><strong>llll.</strong></span> <span class='ocrx_word' id='word_1_301' title='bbox 446 2931 479 2982; x_wconf 86' lang='grc'><strong>42</strong></span> <span class='ocrx_word' id='word_1_302' title='bbox 503 2944 566 2980; x_wconf 81' lang='lat' dir='ltr'><strong>casae</strong></span> <span class='ocrx_word' id='word_1_303' title='bbox 616 2944 668 2995; x_wconf 82' lang='lat' dir='ltr'><strong>pao</strong></span> <span class='ocrx_word' id='word_1_304' title='bbox 678 2931 768 2980; x_wconf 80' lang='lat' dir='ltr'><strong>minoe</strong></span> <span class='ocrx_word' id='word_1_305' title='bbox 775 2931 885 2995; x_wconf 84' lang='lat' dir='ltr'><strong>petebat</strong></span> <span class='ocrx_word' id='word_1_306' title='bbox 894 2929 1011 2994; x_wconf 78' lang='lat' dir='ltr'><strong>gloriam</strong></span> <span class='ocrx_word' id='word_1_307' title='bbox 1022 2929 1122 2993; x_wconf 85' lang='lat' dir='ltr'><strong>(warh),</strong></span> 
     </span>
     <span class='ocr_line' id='line_1_35' title="bbox 55 2997 1121 3063; baseline 0.001 -15"><span class='ocrx_word' id='word_1_308' title='bbox 55 2997 159 3063; x_wconf 77' lang='lat' dir='ltr'><strong>aliquo.</strong></span> <span class='ocrx_word' id='word_1_309' title='bbox 615 2997 1121 3063; x_wconf 73' lang='lat' dir='ltr'><strong>eomagisillumeequebaturllielzu).</strong></span> 
     </span>
     <span class='ocr_line' id='line_1_36' title="bbox 88 3063 1122 3131; baseline 0.002 -16"><span class='ocrx_word' id='word_1_310' title='bbox 88 3066 121 3116; x_wconf 81' lang='lat' dir='ltr'><strong>in</strong></span> <span class='ocrx_word' id='word_1_311' title='bbox 138 3067 241 3131; x_wconf 72' lang='lat' dir='ltr'><strong>quibus.</strong></span> <span class='ocrx_word' id='word_1_312' title='bbox 271 3063 318 3117; x_wconf 84' lang='lat' dir='ltr'><strong>uin</strong></span> <span class='ocrx_word' id='word_1_313' title='bbox 335 3064 564 3119; x_wconf 87' lang='lat' dir='ltr'><strong>soleherWunsch</strong></span> <span class='ocrx_word' id='word_1_314' title='bbox 649 3068 691 3118; x_wconf 86' lang='grc'><strong>62.</strong></span> <span class='ocrx_word' id='word_1_315' title='bbox 709 3068 785 3117; x_wconf 78' lang='lat' dir='ltr'><strong>euius</strong></span> <span class='ocrx_word' id='word_1_316' title='bbox 803 3069 889 3118; x_wconf 80' lang='lat' dir='ltr'><strong>omnic</strong></span> <span class='ocrx_word' id='word_1_317' title='bbox 905 3082 990 3117; x_wconf 80' lang='lat' dir='ltr'><strong>sermo</strong></span> <span class='ocrx_word' id='word_1_318' title='bbox 1002 3066 1027 3118; x_wconf 91' lang='lat' dir='ltr'><strong>d.</strong></span> <span class='ocrx_word' id='word_1_319' title='bbox 1039 3066 1065 3118; x_wconf 84' lang='lat' dir='ltr'><strong>h.</strong></span> <span class='ocrx_word' id='word_1_320' title='bbox 1077 3064 1122 3117; x_wconf 89' lang='lat' dir='ltr'><strong>der</strong></span> 
     </span>
     <span class='ocr_line' id='line_1_37' title="bbox 56 3132 1120 3200; baseline -0.001 -16"><span class='ocrx_word' id='word_1_321' title='bbox 56 3145 167 3199; x_wconf 79' lang='lat' dir='ltr'><strong>urmes,</strong></span> <span class='ocrx_word' id='word_1_322' title='bbox 185 3133 334 3187; x_wconf 85' lang='lat' dir='ltr'><strong>denGicero</strong></span> <span class='ocrx_word' id='word_1_323' title='bbox 353 3134 431 3186; x_wconf 90' lang='lat' dir='ltr'><strong>durch</strong></span> <span class='ocrx_word' id='word_1_324' title='bbox 449 3134 563 3186; x_wconf 87' lang='lat' dir='ltr'><strong>dieVer·</strong></span> <span class='ocrx_word' id='word_1_325' title='bbox 614 3133 660 3186; x_wconf 86' lang='lat' dir='ltr'><strong>bei</strong></span> <span class='ocrx_word' id='word_1_326' title='bbox 688 3134 763 3200; x_wconf 88' lang='lat' dir='ltr'><strong>jeder</strong></span> <span class='ocrx_word' id='word_1_327' title='bbox 791 3134 959 3200; x_wconf 76' lang='lat' dir='ltr'><strong>delegenbeit</strong></span> <span class='ocrx_word' id='word_1_328' title='bbox 987 3133 1051 3186; x_wconf 80' lang='lat' dir='ltr'><strong>uber</strong></span> <span class='ocrx_word' id='word_1_329' title='bbox 1078 3132 1120 3184; x_wconf 90' lang='lat' dir='ltr'><strong>die</strong></span> 
     </span>
     <span class='ocr_line' id='line_1_38' title="bbox 56 3200 1121 3269; baseline -0.004 -15"><span class='ocrx_word' id='word_1_330' title='bbox 56 3201 192 3268; x_wconf 78' lang='lat' dir='ltr'><strong>teidigung</strong></span> <span class='ocrx_word' id='word_1_331' title='bbox 208 3200 254 3253; x_wconf 89' lang='lat' dir='ltr'><strong>des</strong></span> <span class='ocrx_word' id='word_1_332' title='bbox 265 3200 336 3267; x_wconf 86' lang='lat' dir='ltr'><strong>ltlilo,</strong></span> <span class='ocrx_word' id='word_1_333' title='bbox 352 3203 484 3255; x_wconf 86' lang='lat' dir='ltr'><strong>vicllcicht</strong></span> <span class='ocrx_word' id='word_1_334' title='bbox 499 3203 563 3254; x_wconf 85' lang='lat' dir='ltr'><strong>euch</strong></span> <span class='ocrx_word' id='word_1_335' title='bbox 614 3201 801 3255; x_wconf 86' lang='lat' dir='ltr'><strong>Freundscbalt</strong></span> <span class='ocrx_word' id='word_1_336' title='bbox 818 3201 916 3269; x_wconf 87' lang='lat' dir='ltr'><strong>sprech.</strong></span> <span class='ocrx_word' id='word_1_337' title='bbox 948 3200 1006 3267; x_wconf 79' lang='lat' dir='ltr'><strong>Vgl.</strong></span> <span class='ocrx_word' id='word_1_338' title='bbox 1023 3204 1121 3266; x_wconf 80' lang='lat' dir='ltr'><strong>saepie-</strong></span> 
     </span>
     <span class='ocr_line' id='line_1_39' title="bbox 56 3268 1120 3339; baseline -0.004 -18"><span class='ocrx_word' id='word_1_339' title='bbox 56 3268 101 3323; x_wconf 88' lang='lat' dir='ltr'><strong>des</strong></span> <span class='ocrx_word' id='word_1_340' title='bbox 119 3270 200 3335; x_wconf 82' lang='lat' dir='ltr'><strong>Sulla,</strong></span> <span class='ocrx_word' id='word_1_341' title='bbox 217 3273 395 3324; x_wconf 80' lang='lat' dir='ltr'><strong>uutcrstutzte.</strong></span> <span class='ocrx_word' id='word_1_342' title='bbox 614 3273 680 3321; x_wconf 64' lang='lat' dir='ltr'><strong>mma</strong></span> <span class='ocrx_word' id='word_1_343' title='bbox 696 3271 727 3339; x_wconf 44' lang='lat' dir='ltr'><strong>X:</strong></span> <span class='ocrx_word' id='word_1_344' title='bbox 745 3272 778 3323; x_wconf 84' lang='lat'><strong>33</strong></span> <span class='ocrx_word' id='word_1_345' title='bbox 795 3269 847 3322; x_wconf 91' lang='lat' dir='ltr'><strong>und</strong></span> <span class='ocrx_word' id='word_1_346' title='bbox 864 3272 894 3319; x_wconf 81' lang='lat' dir='ltr'><strong>in</strong></span> <span class='ocrx_word' id='word_1_347' title='bbox 912 3272 985 3320; x_wconf 79' lang='lat' dir='ltr'><strong>omni</strong></span> <span class='ocrx_word' id='word_1_348' title='bbox 1001 3284 1120 3320; x_wconf 82' lang='lat' dir='ltr'><strong>sermone</strong></span> 
     </span>
     <span class='ocr_line' id='line_1_40' title="bbox 89 3335 1120 3405; baseline -0.002 -16"><span class='ocrx_word' id='word_1_349' title='bbox 89 3343 173 3405; x_wconf 81' lang='lat' dir='ltr'><strong>eaput</strong></span> <span class='ocrx_word' id='word_1_350' title='bbox 189 3337 249 3390; x_wconf 82' lang='lat' dir='ltr'><strong>Scin</strong></span> <span class='ocrx_word' id='word_1_351' title='bbox 267 3338 329 3390; x_wconf 88' lang='lat' dir='ltr'><strong>oder</strong></span> <span class='ocrx_word' id='word_1_352' title='bbox 345 3337 486 3401; x_wconf 89' lang='lat' dir='ltr'><strong>Nicbtscin,</strong></span> <span class='ocrx_word' id='word_1_353' title='bbox 504 3339 563 3390; x_wconf 81' lang='lat' dir='ltr'><strong>hdr·</strong></span> <span class='ocrx_word' id='word_1_354' title='bbox 614 3337 632 3391; x_wconf 87' lang='lat' dir='ltr'><strong>l.</strong></span> <span class='ocrx_word' id='word_1_355' title='bbox 652 3342 674 3392; x_wconf 88' lang='lat'><strong>1.</strong></span> <span class='ocrx_word' id='word_1_356' title='bbox 708 3338 819 3391; x_wconf 81' lang='lat' dir='ltr'><strong>nhnueh</strong></span> <span class='ocrx_word' id='word_1_357' title='bbox 836 3336 914 3390; x_wconf 78' lang='lat' dir='ltr'><strong>Acad.</strong></span> <span class='ocrx_word' id='word_1_358' title='bbox 931 3335 949 3389; x_wconf 88' lang='lat' dir='ltr'><strong>l.</strong></span> <span class='ocrx_word' id='word_1_359' title='bbox 967 3339 992 3389; x_wconf 87' lang='grc'><strong>4.</strong></span> <span class='ocrx_word' id='word_1_360' title='bbox 1011 3339 1042 3390; x_wconf 84' lang='grc'><strong>16</strong></span> <span class='ocrx_word' id='word_1_361' title='bbox 1060 3352 1120 3389; x_wconf 88' lang='lat' dir='ltr'><strong>vom</strong></span> 
     </span>
     <span class='ocr_line' id='line_1_41' title="bbox 54 3405 1119 3473; baseline -0.003 -14"><span class='ocrx_word' id='word_1_362' title='bbox 54 3407 170 3473; x_wconf 77' lang='lat' dir='ltr'><strong>gerlicbe</strong></span> <span class='ocrx_word' id='word_1_363' title='bbox 186 3406 314 3459; x_wconf 84' lang='lat' dir='ltr'><strong>Existena.</strong></span> <span class='ocrx_word' id='word_1_364' title='bbox 614 3406 750 3459; x_wconf 86' lang='lat' dir='ltr'><strong>Sokrates:</strong></span> <span class='ocrx_word' id='word_1_365' title='bbox 774 3408 859 3458; x_wconf 79' lang='lat' dir='ltr'><strong>omnic</strong></span> <span class='ocrx_word' id='word_1_366' title='bbox 880 3407 937 3455; x_wconf 79' lang='lat' dir='ltr'><strong>eius</strong></span> <span class='ocrx_word' id='word_1_367' title='bbox 954 3408 1042 3456; x_wconf 83' lang='lat' dir='ltr'><strong>oratio</strong></span> <span class='ocrx_word' id='word_1_368' title='bbox 1060 3405 1119 3469; x_wconf 86' lang='lat' dir='ltr'><strong>(elle</strong></span> 
     </span>
     <span class='ocr_line' id='line_1_42' title="bbox 88 3472 1119 3540; baseline -0.003 -14"><span class='ocrx_word' id='word_1_369' title='bbox 88 3475 167 3527; x_wconf 86' lang='lat' dir='ltr'><strong>modo</strong></span> <span class='ocrx_word' id='word_1_370' title='bbox 185 3491 219 3527; x_wconf 84' lang='lat' dir='ltr'><strong>aee</strong></span> <span class='ocrx_word' id='word_1_371' title='bbox 235 3498 269 3518; x_wconf 95' lang='lat'>=</span> <span class='ocrx_word' id='word_1_372' title='bbox 286 3490 334 3527; x_wconf 86' lang='lat' dir='ltr'><strong>nur</strong></span> <span class='ocrx_word' id='word_1_373' title='bbox 351 3475 410 3527; x_wconf 89' lang='lat' dir='ltr'><strong>darl</strong></span> <span class='ocrx_word' id='word_1_374' title='bbox 424 3474 503 3530; x_wconf 88' lang='lat' dir='ltr'><strong>nicht.</strong></span> <span class='ocrx_word' id='word_1_375' title='bbox 614 3476 685 3528; x_wconf 85' lang='lat' dir='ltr'><strong>scine</strong></span> <span class='ocrx_word' id='word_1_376' title='bbox 697 3474 973 3540; x_wconf 77' lang='lat' dir='ltr'><strong>Vortrtigelinva&#39;rtote</strong></span> <span class='ocrx_word' id='word_1_377' title='bbox 983 3472 1119 3525; x_wconf 79' lang='lat' dir='ltr'><strong>laudanda</strong></span> 
     </span>
     <span class='ocr_line' id='line_1_43' title="bbox 89 3537 825 3610; baseline 0.003 -16"><span class='ocrx_word' id='word_1_378' title='bbox 89 3549 131 3595; x_wconf 83' lang='lat' dir='ltr'><strong>eet</strong></span> <span class='ocrx_word' id='word_1_379' title='bbox 149 3549 279 3610; x_wconf 79' lang='lat' dir='ltr'><strong>quatenos</strong></span> <span class='ocrx_word' id='word_1_380' title='bbox 291 3537 343 3596; x_wconf 76' lang='lat' dir='ltr'><strong>‘bis</strong></span> <span class='ocrx_word' id='word_1_381' title='bbox 365 3558 397 3594; x_wconf 87' lang='lat' dir='ltr'><strong>zu</strong></span> <span class='ocrx_word' id='word_1_382' title='bbox 419 3543 502 3596; x_wconf 88' lang='lat' dir='ltr'><strong>einem</strong></span> <span class='ocrx_word' id='word_1_383' title='bbox 519 3558 564 3609; x_wconf 78' lang='lat' dir='ltr'><strong>ge·</strong></span> <span class='ocrx_word' id='word_1_384' title='bbox 614 3545 825 3597; x_wconf 79' lang='lat' dir='ltr'><strong>consumebatur.</strong></span> 
     </span>
     <span class='ocr_line' id='line_1_44' title="bbox 54 3603 1119 3679; baseline -0.003 -16"><span class='ocrx_word' id='word_1_385' title='bbox 54 3612 151 3665; x_wconf 86' lang='lat' dir='ltr'><strong>wissen</strong></span> <span class='ocrx_word' id='word_1_386' title='bbox 163 3603 276 3665; x_wconf 82' lang='lat' dir='ltr'><strong>Punlrte&#39;</strong></span> <span class='ocrx_word' id='word_1_387' title='bbox 288 3611 357 3664; x_wconf 85' lang='lat' dir='ltr'><strong>kann</strong></span> <span class='ocrx_word' id='word_1_388' title='bbox 368 3611 508 3664; x_wconf 89' lang='lat' dir='ltr'><strong>Naohsicbt</strong></span> <span class='ocrx_word' id='word_1_389' title='bbox 519 3626 563 3677; x_wconf 77' lang='lat' dir='ltr'><strong>ge·</strong></span> <span class='ocrx_word' id='word_1_390' title='bbox 648 3609 1047 3679; x_wconf 73' lang='lat' dir='ltr'><strong>querebatur=solebetquert</strong></span> <span class='ocrx_word' id='word_1_391' title='bbox 1062 3607 1119 3660; x_wconf 88' lang='lat' dir='ltr'><strong>Die-</strong></span> 
     </span>
     <span class='ocr_line' id='line_1_45' title="bbox 54 3677 1119 3745; baseline -0.004 -13"><span class='ocrx_word' id='word_1_392' title='bbox 54 3680 140 3733; x_wconf 79' lang='lat' dir='ltr'><strong>waibrt</strong></span> <span class='ocrx_word' id='word_1_393' title='bbox 152 3680 264 3745; x_wconf 82' lang='lat' dir='ltr'><strong>werden,</strong></span> <span class='ocrx_word' id='word_1_394' title='bbox 277 3680 355 3732; x_wconf 77' lang='lat' dir='ltr'><strong>uiml.</strong></span> <span class='ocrx_word' id='word_1_395' title='bbox 367 3696 426 3733; x_wconf 88' lang='lat' dir='ltr'><strong>vom</strong></span> <span class='ocrx_word' id='word_1_396' title='bbox 438 3678 562 3732; x_wconf 81' lang='lat' dir='ltr'><strong>Freunde.</strong></span> <span class='ocrx_word' id='word_1_397' title='bbox 614 3695 655 3732; x_wconf 90' lang='lat' dir='ltr'><strong>ser</strong></span> <span class='ocrx_word' id='word_1_398' title='bbox 671 3679 812 3744; x_wconf 79' lang='lat' dir='ltr'><strong>Erldairung</strong></span> <span class='ocrx_word' id='word_1_399' title='bbox 829 3678 898 3730; x_wconf 89' lang='lat' dir='ltr'><strong>steht</strong></span> <span class='ocrx_word' id='word_1_400' title='bbox 909 3677 980 3729; x_wconf 86' lang='lat' dir='ltr'><strong>nicht</strong></span> <span class='ocrx_word' id='word_1_401' title='bbox 992 3682 1119 3743; x_wconf 78' lang='lat' dir='ltr'><strong>entgegen</strong></span> 
     </span>
     <span class='ocr_line' id='line_1_46' title="bbox 87 3744 1117 3814; baseline -0.005 -12"><span class='ocrx_word' id='word_1_402' title='bbox 87 3748 313 3802; x_wconf 78' lang='lat' dir='ltr'><strong>Neeoero-aee:</strong></span> <span class='ocrx_word' id='word_1_403' title='bbox 332 3747 389 3800; x_wconf 91' lang='lat' dir='ltr'><strong>Wie</strong></span> <span class='ocrx_word' id='word_1_404' title='bbox 404 3748 466 3800; x_wconf 87' lang='lat' dir='ltr'><strong>aber</strong></span> <span class='ocrx_word' id='word_1_405' title='bbox 482 3748 563 3806; x_wconf 85' lang='lat' dir='ltr'><strong>einer·</strong></span> <span class='ocrx_word' id='word_1_406' title='bbox 614 3746 915 3814; x_wconf 79' lang='lat' dir='ltr'><strong>datseaepevorangeht</strong></span> <span class='ocrx_word' id='word_1_407' title='bbox 933 3745 996 3798; x_wconf 85' lang='lat' dir='ltr'><strong>Ceto</strong></span> <span class='ocrx_word' id='word_1_408' title='bbox 1005 3744 1039 3796; x_wconf 86' lang='grc' dir='ltr'><strong>Μ.</strong></span> <span class='ocrx_word' id='word_1_409' title='bbox 1048 3745 1117 3799; x_wconf 82' lang='grc' dir='ltr'><strong>[Ι.4;</strong></span> 
     </span>
     <span class='ocr_line' id='line_1_47' title="bbox 54 3813 1119 3882; baseline -0.004 -13"><span class='ocrx_word' id='word_1_410' title='bbox 54 3817 119 3869; x_wconf 83' lang='lat' dir='ltr'><strong>scits</strong></span> <span class='ocrx_word' id='word_1_411' title='bbox 136 3818 216 3880; x_wconf 83' lang='lat' dir='ltr'><strong>nicht,</strong></span> <span class='ocrx_word' id='word_1_412' title='bbox 234 3815 465 3870; x_wconf 86' lang='lat' dir='ltr'><strong>so-andrcrseits</strong></span> <span class='ocrx_word' id='word_1_413' title='bbox 483 3816 562 3869; x_wconf 88' lang='lat' dir='ltr'><strong>nicht.</strong></span> <span class='ocrx_word' id='word_1_414' title='bbox 614 3817 808 3882; x_wconf 81' lang='lat' dir='ltr'><strong>Saepenumero</strong></span> <span class='ocrx_word' id='word_1_415' title='bbox 827 3815 959 3866; x_wconf 80' lang='lat' dir='ltr'><strong>admirari</strong></span> <span class='ocrx_word' id='word_1_416' title='bbox 974 3813 1053 3868; x_wconf 77' lang='lat' dir='ltr'><strong>soleo.</strong></span> <span class='ocrx_word' id='word_1_417' title='bbox 1082 3813 1119 3865; x_wconf 88' lang='lat' dir='ltr'><strong>De</strong></span> 
     </span>
     <span class='ocr_line' id='line_1_48' title="bbox 91 3882 1120 3951; baseline -0.003 -15"><span class='ocrx_word' id='word_1_418' title='bbox 91 3886 172 3938; x_wconf 81' lang='lat' dir='ltr'><strong>telum</strong></span> <span class='ocrx_word' id='word_1_419' title='bbox 190 3884 281 3951; x_wconf 85' lang='lat' dir='ltr'><strong>Walle,</strong></span> <span class='ocrx_word' id='word_1_420' title='bbox 298 3902 341 3937; x_wconf 81' lang='lat' dir='ltr'><strong>ree</strong></span> <span class='ocrx_word' id='word_1_421' title='bbox 350 3886 485 3950; x_wconf 78' lang='lat' dir='ltr'><strong>gerendae</strong></span> <span class='ocrx_word' id='word_1_422' title='bbox 496 3883 563 3935; x_wconf 82' lang='lat' dir='ltr'><strong>&#39;lba-</strong></span> <span class='ocrx_word' id='word_1_423' title='bbox 616 3882 822 3939; x_wconf 80' lang='lat' dir='ltr'><strong>0r.1.2r.124:</strong></span> <span class='ocrx_word' id='word_1_424' title='bbox 840 3883 934 3936; x_wconf 82' lang='lat' dir='ltr'><strong>Altera</strong></span> <span class='ocrx_word' id='word_1_425' title='bbox 956 3882 1057 3947; x_wconf 82' lang='lat' dir='ltr'><strong>(cauea)</strong></span> <span class='ocrx_word' id='word_1_426' title='bbox 1081 3887 1120 3934; x_wconf 82' lang='lat' dir='ltr'><strong>eet</strong></span> 
     </span>
     <span class='ocr_line' id='line_1_49' title="bbox 54 3951 1091 4022; baseline -0.001 -16"><span class='ocrx_word' id='word_1_427' title='bbox 54 3957 100 4006; x_wconf 86' lang='lat' dir='ltr'><strong>ten</strong></span> <span class='ocrx_word' id='word_1_428' title='bbox 117 3953 377 4022; x_wconf 78' lang='lat' dir='ltr'><strong>odchollbringung</strong></span> <span class='ocrx_word' id='word_1_429' title='bbox 388 3969 440 4006; x_wconf 85' lang='lat' dir='ltr'><strong>von</strong></span> <span class='ocrx_word' id='word_1_430' title='bbox 450 3952 563 4006; x_wconf 50' lang='lat' dir='ltr'><strong>¹‘l&#39;batenz</strong></span> <span class='ocrx_word' id='word_1_431' title='bbox 615 3954 688 4020; x_wconf 85' lang='lat' dir='ltr'><strong>boec,</strong></span> <span class='ocrx_word' id='word_1_432' title='bbox 705 3953 737 4005; x_wconf 89' lang='lat' dir='ltr'><strong>de</strong></span> <span class='ocrx_word' id='word_1_433' title='bbox 754 3968 806 4019; x_wconf 81' lang='lat' dir='ltr'><strong>que</strong></span> <span class='ocrx_word' id='word_1_434' title='bbox 824 3955 902 4019; x_wconf 79' lang='lat' dir='ltr'><strong>quere·</strong></span> <span class='ocrx_word' id='word_1_435' title='bbox 917 3966 995 4020; x_wconf 81' lang='lat' dir='ltr'><strong>saepe</strong></span> <span class='ocrx_word' id='word_1_436' title='bbox 1011 3951 1091 4005; x_wconf 82' lang='lat' dir='ltr'><strong>soleo.</strong></span> 
     </span>
    </p>
   </div>
   <div class='ocr_carea' id='block_1_4' title="bbox 0 0 1328 4606">
    <p class='ocr_par' dir='ltr' id='par_1_4' title="bbox 0 0 1328 4606">
     <span class='ocr_line' id='line_1_50' title="bbox 0 0 1328 4606; baseline 0 2"><span class='ocrx_word' id='word_1_437' title='bbox 0 0 1328 4606; x_wconf 95' lang='lat' dir='ltr'><strong> </strong></span> 
     </span>
    </p>
   </div>
  </div>
 </body>
</html>
