2654 4612
575 269 716 326 Laeuus.
1143 269 1181 329 25

111 444 227 506 animus
250 444 280 505 in
302 454 400 506 morte
423 442 559 505 facillime
575 443 670 505 evolet
685 450 824 522 tanquam
841 461 857 504 e
872 444 1004 506 custodia
1018 445 1182 527 vinclisque

110 529 261 609 corporis:
291 530 339 590 cui
369 546 526 591 censemus
542 547 661 591 cursum
677 530 712 590 ad
728 529 799 590 decs
814 528 974 591 faciliorem
989 529 1079 593 luisse
1094 551 1182 612 quam

110 612 265 695 Scipioni?
288 613 435 685 Quocirca
458 632 589 676 maerere
613 615 669 675 hoc
692 613 755 675 eius
777 624 884 675 eventu
906 632 1010 677 vereor
1033 635 1070 677 ne
1091 619 1181 680 invidi

108 700 203 778 magis
225 717 312 778 quam
335 699 423 761 amici
445 699 491 761 sit.
536 699 589 760 Sin
612 709 708 761 autem
733 699 782 760 illa
803 699 925 774 veriora,
949 709 982 762 ut
996 699 1073 762 idem
1089 702 1181 765 inter-

108 785 169 847 itus
196 784 234 846 sit
260 783 427 847 animorum
450 793 662 865 etcorporum
685 802 741 846 nec
764 783 841 845 ullus
863 803 968 846 sensus
989 797 1120 848 maneat:
1150 796 1183 851 ut

61 889 66 930 i
110 869 186 931 nihil
213 869 285 931 honi
314 877 358 932 est
386 870 417 931 in
447 879 559 944 morte,
588 869 630 932 sic
659 877 739 930 certe
767 869 841 930 nihil
863 870 939 930 mali.
984 870 1079 933 Sensu
1103 874 1182 935 enim

110 955 217 1016 amisso
240 956 274 1016 tit
295 954 382 1030 idem,
406 955 489 1034 quasi
511 965 599 1017 natus
621 973 682 1016 non
706 962 784 1016 esset
806 955 944 1016 omnino:
974 973 1063 1034 quem
1084 966 1182 1020 tamen

61 1060 66 1068 ·
111 1057 176 1102 esse
199 1047 302 1101 natum
326 1047 355 1101 et
377 1059 433 1102 nos
454 1040 632 1119 gaudemus,
655 1047 685 1100 et
706 1040 778 1101 haec
801 1039 901 1102 civitas
924 1041 993 1101 dum
1016 1041 1072 1103 erit
1094 1043 1182 1105 laeta-

110 1125 201 1185 bitur.
246 1124 342 1196 Quam
365 1126 403 1186 oh
426 1144 488 1187 rem
511 1144 580 1188 cum
602 1125 653 1186 illo
676 1124 805 1203 quidem,
828 1133 860 1186 ut
883 1125 1061 1205 supradixi,
1084 1137 1182 1190 actum
1204 1136 1231 1190 ts

61 1237 64 1247 ·
111 1210 220 1289 optime
237 1218 297 1272 est:
318 1228 434 1272 mecum
449 1210 676 1284 incommodius,
692 1227 780 1288 quem
795 1211 891 1271 luerat
905 1210 1037 1289 aequius,
1053 1220 1086 1273 ut
1100 1214 1183 1294 prius

110 1293 299 1369 introieram‚
329 1296 371 1357 sic
399 1296 483 1375 prius
505 1296 585 1359 exire
607 1294 731 1357 devita.
776 1295 832 1356 Sed
855 1303 954 1357 tamen
978 1299 1183 1360 recordatione

104 1387 229 1442 ¹nostrae
258 1380 401 1442 amicitiae
423 1380 465 1443 sic
487 1382 588 1455 lruor,
617 1389 651 1442 ut
672 1379 756 1440 beate
779 1380 884 1449 vixisse
905 1381 1004 1442 videar
1027 1384 1094 1460 quia
1117 1403 1184 1446 cum

112 1464 253 1545 Scipione
276 1465 415 1527 vixerim:
439 1485 568 1545 quocum
591 1465 664 1527 mihi
686 1464 847 1527 coniuncta
869 1484 940 1527 cura
962 1466 998 1526 dc
1019 1468 1184 1547 publicare

63 1595 69 1605 .
110 1558 141 1610 et
161 1551 198 1611 de
220 1550 330 1630 privata
352 1551 422 1626 iuit3
446 1570 575 1631 quocum
598 1558 628 1612 et
649 1551 755 1612 domus
775 1551 830 1611 luit
845 1558 874 1611 et
889 1550 991 1612 militia
1006 1555 1183 1629 communis,

110 1643 141 1696 et
169 1635 198 1696 id
228 1635 258 1697 in
288 1655 348 1715 quc
372 1644 416 1698 est
438 1637 535 1698 omnis
557 1636 599 1697 vis
622 1634 783 1709 amicitiae,
813 1636 997 1699 voluntatum
1019 1639 1183 1701 studiorum

109 1767 214 1834 11124,
232 1769 402 1820 deamicitia
421 1785 489 1836 quaa
507 1771 623 1821 dicerem
673 1769 785 1821 niunlich
807 1769 877 1821 nicht
894 1769 962 1822 blois
983 1785 1103 1836 geuesen
1121 1773 1184 1838 sein,

109 1835 207 1888 xxvii.
224 1839 280 1902 104,
298 1837 330 1888 da
347 1842 481 1888 serectute
498 1854 566 1904 quae
584 1839 623 1889 di·
674 1837 783 1891 scudem
808 1837 847 1890 ott
870 1838 936 1889 auch
959 1838 1097 1904 geworden
1121 1842 1184 1907 sein,

110 1919 197 1956 cerem
215 1904 278 1959 Cato
290 1903 324 1957 M.
333 1905 418 1958 1111111.
429 1907 469 1958 86.
673 1905 726 1958 und
743 1905 800 1958 sallt
818 1905 884 1958 dann
902 1907 998 1959 ebenso
1017 1907 1063 1960 mit
1077 1925 1131 1959 esse
1142 1926 1185 1962 zu·

145 1988 279 2024 censeamus
297 1988 363 2025 wem
380 1975 450 2026 mnis
467 1974 533 2026 daun
553 1974 623 2027 wohl
674 1989 795 2039 sammon,
813 1973 864 2026 wie
882 1972 1035 2044 πεφυκέναι
1047 1977 1094 2028 mit
1105 1970 1185 2044 εἶναι,

110 2039 155 2092 der
165 2040 343 2108 Aulschwung
360 2056 425 2108 usw,
443 2042 494 2109 vgl.
508 2059 540 2096 zu
552 2045 623 2095 ardi-
673 2041 827 2115 βεβηκέναι
841 2042 906 2108 (sich
919 2043 1080 2108 autgemacht
1092 2045 1185 2112 haben)

112 2114 216 2160 tramea·
229 2109 279 2161 1111.
290 2111 334 2172 24;
359 2126 453 2162 eurem
474 2111 529 2164 hilt
550 2111 623 2164 nicht
673 2113 720 2162 mit
736 2111 857 2183 βαίνειν,
875 2114 1034 2177 appetivisse
1051 2114 1116 2178 (sein
1125 2113 1187 2167 Ver·

61 2199 63 2212 =
110 2177 182 2229 mehr·
200 2176 248 2230 den
261 2177 360 2244 Begriff
374 2178 420 2231 des
432 2177 533 2245 l'luges,
552 2179 623 2233 wohl
674 2179 767 2246 langen
786 2179 831 2231 aut
847 2183 929 2230 etwas
946 2180 1071 2245 gerichtet
1088 2180 1183 2235 haben:

111 2245 172 2297 aher
190 2244 239 2297 den
257 2244 302 2298 der
320 2246 508 2312 Schnelliglteit
526 2247 582 2300 lest.
673 2247 714 2300 Ill.
725 2249 767 2312 32)
786 2247 831 2299 mit
852 2251 982 2312 appetere.

144 2318 239 2364 eventu
250 2315 314 2367 dher
327 2316 382 2367 sein
392 2313 538 2367 Schichsal:
552 2315 623 2367 nicht
707 2318 806 2366 vtoemse
823 2315 917 2365 videor
934 2313 1121 2380 Allitteration,
1145 2319 1184 2367 oi-

110 2381 177 2433 ohne
195 2382 314 2434 weiteres
332 2382 372 2434 hir
389 2385 475 2448 onitu,
492 2387 585 2436 morte.
674 2382 741 2434 deor
757 2397 778 2434 s.
790 2398 815 2433 v.
828 2397 850 2433 a.
868 2383 935 2431 mihi
951 2382 1051 2434 videor.

143 2451 232 2500 invidi
253 2455 293 2501 est
315 2465 343 2502 es
356 2441 465 2501 ‘werde'
484 2449 549 2502 Neid
566 2465 623 2503 ver·
708 2450 936 2514 eumScipioae.
953 2447 1186 2517 Nichtdieoeqcc·

107 2520 189 2570 raten.
674 2519 736 2570 litas
745 2517 1185 2584 tempcmmistgemeint,sondern

144 2585 192 2635 illa
210 2584 251 2636 die
270 2584 286 2649 ς
301 2585 332 2637 13
350 2584 500 2636 erwihnten
516 2583 622 2651 Lehren,
673 2585 715 2638 die
728 2588 881 2638 coniunctio
899 2587 983 2636 vitae:
1003 2585 1054 2652 vgl.
1072 2603 1184 2652 quocum

108 2657 142 2703 ut
157 2667 203 2703 zur
220 2651 331 2704 niheren
348 2651 499 2718 Erkliirung.
672 2656 782 2705 vicerat
802 2653 820 2707 1.
834 2655 858 2705 2.
898 2651 947 2705 Der
970 2653 1045 2719 Konj.
1069 2658 1185 2709 vicerim

143 2724 189 2784 ut,
206 2722 246 2771 sic
263 2725 346 2772 certa:
372 2736 454 2785 awar,
477 2721 539 2773 aher
556 2721 622 2773 auch
673 2723 744 2774 stellt
760 2721 802 2773 die
820 2719 901 2773 Sache
919 2721 945 2772 in
963 2721 1008 2774 der
1021 2722 1186 2792 Vorstellnug

109 2787 283 2842 entschieden.
316 2787 401 2840 Durch
417 2790 540 2840 act-sic
557 2788 622 2841 wird
674 2790 719 2843 des
736 2789 822 2842 thius
845 2804 893 2841 vor
910 2788 1015 2856 Augen,
1038 2790 1089 2843 und
1116 2791 1184 2845 kann

107 2856 181 2909 nicht
201 2856 271 2909 hlots
283 2855 406 2909 'Gleiches
428 2856 538 2910 sondern
556 2858 621 2909 auch
673 2857 752 2910 durch
770 2859 812 2910 ein
830 2858 1045 2924 eingeschaltetes
1062 2852 1125 2913 ‘wie
1142 2861 1185 2913 ich

106 2923 371 2992 Entgegengesetztes
388 2925 546 2991 verbunden,
569 2924 621 2978 und
672 2917 1186 2996 mirsage'erliutertwerden:vglquod

106 2992 249 3045 hescnders
275 2992 363 3060 haufig
386 2994 428 3045 ein
453 2992 621 3047 kcnzessives
672 3010 809 3060 nunquam
826 2997 954 3046 senserim
972 2996 1033 3048 Gatc
1045 2996 1080 3048 Μ.
1088 2996 1116 3050 11.
1126 3001 1150 3051 4.

107 3059 255 3114 Verhhltnis
273 3062 396 3128 gegeben.
708 3068 734 3115 et
745 3063 839 3114 domm
848 3067 874 3114 et
881 3065 981 3115 militia
994 3065 1044 3116 wie
1056 3071 1082 3116 et
1092 3067 1185 3117 Philus

144 3132 222 3194 quasi
237 3134 319 3181 natus
335 3146 391 3182 non
408 3135 481 3182 esset.
514 3129 548 3182 Es
566 3129 622 3182 tritt
673 3136 700 3182 et
711 3131 840 3183 Manilius
858 3133 928 3196 §ta
957 3131 1093 3185 Durchdie
1106 3132 1184 3185 'l'ren-

108 3195 226 3249 derselbe
235 3197 289 3249 Fall
303 3199 343 3250 ein
356 3198 428 3250 nicht
439 3199 478 3250 als
490 3198 524 3250 oh
532 3190 621 3261 ‘man',
673 3213 743 3265 nung
760 3199 805 3252 des
821 3198 879 3261 suit
890 3203 1036 3250 communis
1047 3200 1111 3252 wird
1124 3202 1185 3254 aher

107 3263 220 3317 scudern
238 3265 277 3317 als
294 3267 327 3319 oh
341 3257 395 3318 ‘er’
414 3265 485 3319 nicht
508 3267 621 3333 gehoren
672 3267 744 3320 nicht
761 3282 808 3320 nur
825 3266 867 3318 die
884 3265 1111 3320 Verschiedenheit
1133 3284 1183 3321 von

106 3334 186 3384 wire.
226 3331 280 3385 hus
303 3333 361 3386 dem
384 3333 521 3401 folgenden
544 3350 622 3400 quem
674 3335 766 3387 domus
774 3334 827 3388 und
836 3335 934 3385 militia
946 3334 1056 3399 hihlhar,
1074 3336 1183 3390 scudern

104 3401 172 3452 ratst
180 3399 235 3452 sich
244 3399 304 3452 hein
310 3400 386 3456 Pron.
395 3401 556 3455 indefinitum
566 3406 621 3456 ent·
673 3403 738 3456 auch
747 3403 788 3455 ein
802 3405 915 3455 iusseres
924 3402 1062 3455 Ebenmals
1073 3402 1184 3456 hewirkt

104 3468 226 3522 nehmen.
672 3471 802 3523 zwischen
820 3471 913 3522 domm
933 3468 990 3531 fuit
1010 3470 1062 3523 und
1083 3473 1183 3524 militia

142 3544 168 3590 et
182 3553 231 3588 nos
245 3537 303 3601 (qni
313 3538 413 3602 summ)
422 3537 466 3590 hat
475 3537 563 3590 seinen
573 3537 621 3591 Ge·
672 3542 830 3592 communis:
842 3538 894 3604 vgl.
907 3554 1014 3589 causam
1025 3537 1109 3600 fuisse
1120 3539 1147 3593 ll.
1160 3541 1183 3593 8.

107 3610 215 3676 gensata
233 3604 429 3672 heuptsichlich
449 3620 496 3658 nur
512 3606 539 3657 in
557 3606 621 3658 dum
671 3607 757 3660 Italics
780 3605 835 3659 halt
862 3606 919 3658 dem
946 3605 1031 3673 Scipio
1054 3605 1183 3675 Karthago

107 3679 168 3728 cett.
673 3677 787 3728 erchem.

142 3742 287 3795 laetabitur
295 3741 368 3793 mehr
380 3739 418 3793 als
427 3741 556 3807 gaudere,
569 3741 621 3794 und
705 3744 736 3796 id
752 3745 782 3794 in
797 3757 849 3808 quo
862 3742 913 3794 wie
925 3742 990 3796 nach
1002 3741 1094 3810 Zumpt
1106 3743 1122 3810 ξ
1134 3745 1182 3799 att

106 3811 180 3865 nicht
197 3808 251 3861 viel
268 3809 382 3876 weniger
399 3808 439 3862 als
462 3808 621 3865 lrchlocken.
671 3812 702 3864 id
718 3810 796 3877 quod
826 3809 928 3864 Ehensc
944 3812 975 3862 id
991 3811 1023 3862 de
1041 3827 1092 3876 quc
1111 3811 1141 3864 Ν.
1154 3811 1182 3866 l).

145 3882 184 3933 15.
207 3877 302 3940 suerat
318 3901 352 3921 =
370 3882 442 3942 erat,
467 3876 551 3930 woldr
574 3879 621 3930 wir
671 3878 1048 3934 11.46.118.Liv.xxt.10.9.

106 3939 329 4015 sagen‘gewesen
345 3936 429 3999 wire’:
447 3944 532 4008 fuisse
544 3945 622 4000 heitst
708 3949 851 4000 ommissis.
864 3945 936 4009 Sall.
950 3947 1003 4001 Gat.
1014 3947 1102 4003 xta:
1121 3964 1183 4000 nam
