2654 4612
520 276 661 331 LAELIUS.
1085 280 1125 339 69

10 459 38 519 4·
57 457 216 512 contentos
236 450 336 511 tenuis
349 449 444 511 rictus
459 450 614 528 cultusque
638 450 777 526 delectat;
799 451 929 513 honores
950 471 1030 527 vero,
1053 472 1127 534 quo-

10 546 34 587 *
56 554 122 599 rum
142 534 302 615 cupiditate
322 534 442 614 quidam
464 536 692 609 inflammantur,
716 554 804 614 quam
825 536 910 597 multi
932 537 971 598 ita
993 548 1127 601 contem-

26 628 143 694 inunt,
173 629 207 682 ut
236 620 309 681 nihil
336 620 454 681 inanius
481 620 554 681 nihil
576 639 640 683 esse
661 621 753 682 levius
775 621 958 683 existimentl
995 623 1128 703 Itemque

22 714 171 779 rectora,
200 723 275 784 quae
304 704 480 785 quibusdam
510 705 688 767 admirabilia
715 706 865 780 videntur,
896 709 1035 786 permulti
1057 718 1129 771 sunt

10 792 40 857 ut,
56 791 108 871 qui
136 809 192 871 pro
220 789 312 851 nihilo
340 798 455 869 putent.
504 790 548 852 De
576 790 703 853 amicitia
731 809 834 853 omnes
862 792 897 852 ad
925 811 1020 854 unum
1049 794 1127 857 idem

10 873 204 949 tuentium,
227 882 257 936 et
278 875 297 935 ii
319 875 370 954 qui
393 876 429 936 ad
451 894 515 936 rem
537 876 684 955 publicam
706 894 738 936 se
759 875 960 950 contulerunt,
983 887 1013 940 et
1034 878 1054 939 ii
1076 879 1127 958 qui

25 975 35 1050 ι
58 979 159 1023 rerum
175 960 346 1040 cognitione
362 961 558 1039 doctrinaque
580 961 773 1034 delectantur,
796 961 868 1022 etii
891 963 941 1040 qui
963 981 1050 1024 suum
1073 982 1127 1025 ne·

10 1062 33 1104 :e
57 1046 171 1127 gotium
199 1053 309 1122 gerunt
336 1045 438 1119 otiosi,
468 1055 617 1125 postremo
647 1046 667 1107 ii
696 1046 746 1126 qui
776 1065 807 1107 se
836 1054 916 1108 totos
944 1048 1128 1110 tradiderunt

10 1129 273 1211 qaroluptatibus¹
301 1130 366 1192 sine
388 1131 513 1193 amicitia
535 1132 622 1193 vitam
645 1149 709 1192 esse
732 1131 851 1205 nullam,
882 1132 1015 1194 simodo
1038 1134 1128 1196 velint

10 1230 33 1275 ιι
58 1216 156 1296 aliqua
179 1234 215 1277 ex
236 1223 320 1296 parte
341 1215 501 1277 liberaliter
522 1217 628 1278 vivere.
672 1217 772 1296 Serpit
793 1216 873 1277 enim
888 1218 1046 1280 -nescio
1069 1236 1128 1297 quo
1149 1223 1177 1274 87

10 1314 33 1377 ιι
58 1303 147 1363 modo
164 1333 205 1346 -
221 1319 275 1380 per
291 1301 423 1362 omnium
438 1302 510 1363 vitas
525 1301 661 1374 amicitia,
684 1320 740 1362 nec
755 1302 843 1362 ullam
859 1303 960 1364 aetatis
980 1303 1129 1382 degendae
1210 1380 1212 1385 Ι

10 1404 29 1446 ιι
59 1387 205 1448 rationem
220 1385 330 1465 patitur
345 1404 410 1447 esse
433 1395 583 1466 expertem
605 1387 660 1448 sui.
704 1386 784 1457 Quin
807 1387 933 1448 etiamsi
956 1388 1023 1467 quis
1045 1407 1129 1469 aspe-

22 1472 33 1549 l
58 1472 145 1533 ritate
169 1489 201 1532 ea
229 1478 274 1532 est
304 1480 334 1532 et
354 1471 535 1533 immanitate
557 1479 695 1545 naturae,
723 1488 900 1551 congressus
921 1481 955 1534 ut
976 1473 1130 1535 hominum

10 1574 37 1632 ιι
58 1556 153 1636 fugiat
180 1565 269 1635 atque
298 1556 407 1627 oderit,
438 1557 554 1635 qualem
583 1556 673 1618 fuisse
702 1556 824 1618 Athenis
845 1556 1000 1619 Timonem
1029 1559 1129 1620 nescio

10 1660 34 1703 ιι
60 1660 149 1721 quem
178 1641 359 1721 accepimus;
387 1649 486 1702 tamen
514 1642 539 1703 is
567 1641 627 1721 pati
655 1660 717 1702 non
740 1642 833 1720 possit
852 1651 886 1703 ut
908 1661 969 1703 non
993 1644 1130 1722 anquirat

23 1742 32 1807 p
60 1727 198 1805 aliquem,
221 1725 298 1805 apud
315 1743 402 1804 quem
418 1734 532 1788 evomat
545 1727 625 1788 virus
643 1725 810 1788 acerbitatis
831 1745 910 1788 suae.
953 1728 1049 1807 Atque
1071 1730 1128 1790 hoo

10 1828 33 1898 μ’
60 1812 188 1873 maxime
214 1810 393 1872 iudicaretur
414 1811 439 1873 si
461 1812 531 1891 quid
553 1812 611 1873 tale
633 1820 734 1891 posset
756 1813 942 1892 contingere,
970 1822 1003 1873 ut
1024 1813 1129 1892 aliquis

19 1928 33 1980 q
61 1915 118 1958 nos
137 1897 210 1958 deus
232 1913 268 1956 ex
289 1895 343 1957 hac
366 1895 521 1957 hominum
542 1897 707 1975 frequentia
729 1897 845 1958 tolleret
867 1904 896 1957 et
917 1896 946 1959 in
971 1898 1130 1960 solitudine

60 1981 176 2063 uspiam
198 1980 365 2054 collocaret,
392 1989 481 2060 atque
503 1981 543 2043 ibi
566 1981 757 2061 suppeditans
779 1982 911 2042 omnium
933 2000 1034 2043 rerum
1057 2002 1130 2063 quas

10 2062 31 2127 Ἃ,
62 2074 169 2127 natura
202 2065 347 2127 desiderat
379 2065 590 2128 abundantiam
623 2075 652 2127 et
683 2067 813 2146 copiam,
846 2066 975 2128 hominis
1006 2069 1129 2130 omnino

10 2131 29 2239 {-
62 2150 243 2232 adspiciendi
272 2159 447 2231 potestatem
469 2152 605 2231 eriperet.
650 2151 723 2222 Quis
750 2161 810 2213 tem
832 2161 909 2214 esset
940 2153 1054 2214 ferreus
1076 2153 1127 2232 qui

10 2246 29 2307 ,ς
63 2253 126 2297 eam
142 2237 229 2297 vitam
244 2236 322 2296 ferre
336 2245 446 2315 posset,
462 2237 569 2315 cuique
585 2255 646 2297 non
661 2237 791 2298 auferret
804 2237 933 2298 fructum
948 2237 1130 2316 voluptatum

10 2332 28 2376 r:
64 2321 197 2382 omnium
226 2318 375 2382 solitudo?
410 2321 518 2382 Verum
548 2339 618 2400 ergo
647 2320 718 2382 illud
741 2330 801 2393 est,
828 2321 945 2400 quoda
968 2321 1129 2383 Tarentino
1151 2327 1179 2378 88

20 2406 30 2487 ²,
63 2405 200 2487 Archyta,
222 2413 256 2466 ut
277 2406 401 2486 opinor,
429 2405 486 2467 dici
508 2406 627 2467 solitum
648 2412 767 2467 nostros
789 2424 876 2467 senes
898 2424 1129 2469 commemorare

10 2540 28 2579 Ι,
63 2490 159 2552 ιιιᾰίιί
175 2489 212 2552 ab
227 2490 290 2553 aliis
312 2490 433 2553 senibus
455 2490 605 2552 auditum:
629 2491 653 2552 si
675 2491 741 2569 quis
763 2491 793 2551 in
816 2490 929 2552 caelum
951 2493 1131 2555 ascendisset

10 2636 30 2716 ti
97 2672 161 2709 oceo
180 2655 249 2709 ldhrt
266 2656 312 2708 das
329 2656 436 2723 dobere,
457 2659 574 2723 Itemque
625 2656 803 2722 berdcbtigten
833 2655 1060 2710 Menschenhaseer
1090 2659 1129 2712 als

18 2726 28 2785 ξ
63 2723 132 2776 daun
151 2723 196 2776 das
214 2724 372 2791 Aligemeine
390 2725 440 2778 ein.
474 2726 511 2778 Zu
528 2726 573 2778 der
624 2726 681 2776 eine
699 2725 785 2791 wenig
803 2725 930 2777 belmonte
948 2725 1130 2780 nndziemlich

23 2812 26 2831 ι
97 2807 162 2845 naen
176 2791 256 2845 Stelle
268 2793 302 2845 ist
313 2808 344 2845 zu
356 2794 520 2860 reigleichen
529 2793 571 2848 Vl.
624 2792 807 2859 gleicbgiiltige
826 2792 1036 2848 Persdnlichkeit.

10 2854 33 2971 ᾖ
63 2807 110 2915 33:
128 2861 249 2926 Denique
267 2865 371 2913 ceterae
387 2878 430 2913 ree
447 2867 495 2914 etc.
657 2863 707 2911 boe
715 2862 883 2912 iudicaretur
890 2861 944 2913 dies
951 2860 1032 2914 Urteil
1041 2863 1130 2915 warde

10 2937 20 2987 „'
88 2928 572 2983 admirabiliabewundernswertmnd
623 2944 681 2980 man
699 2928 791 2981 fallen:
816 2928 872 2982 dats
895 2944 923 2982 es
945 2931 1056 2982 nimlich
1074 2931 1130 2983 eine

10 3044 15 3055 ‚
62 2995 179 3050 insulem
196 2997 262 3049 auch
279 2997 495 3062 beqehrenswert.
622 2995 831 3063 Unmdglichlreit
853 2997 891 3050 sei
915 2998 969 3050 sich
993 2999 1075 3064 vdllig
1098 3015 1130 3051 zu

97 3064 236 3116 omneeud
248 3081 339 3116 unum.
367 3065 435 3118 Fam.
446 3066 572 3119 xll.14.2
624 3064 751 3117 ieolieren.
787 3067 847 3130 (bac
864 3066 935 3118 nieht
958 3067 1130 3132 uberildssig.)

10 3162 14 3177 ι
63 3133 208 3185 merarius
222 3149 309 3184 omma
324 3133 450 3185 adunam
465 3151 482 3186 a
497 3136 573 3186 nobie
658 3132 750 3184 tollere
768 3133 916 3198 caudebec,
934 3135 1063 3186 collocare
1075 3149 1132 3186 cer·

61 3205 128 3255 mne
144 3205 278 3267 acceptae.
624 3204 719 3254 setten.
755 3200 804 3252 Fur
828 3201 873 3253 das
897 3201 1003 3254 letztere
1025 3201 1084 3254 llor.
1102 3201 1129 3254 G.

95 3271 316 3334 rmmccgnttto
326 3269 503 3334 doctrinaque
513 3271 572 3322 wis·
622 3268 639 3322 l.
650 3271 691 3322 22.
709 3272 738 3323 17
750 3286 773 3321 u.
784 3271 815 3322 21
834 3268 899 3320 auch
915 3284 1023 3335 ponere.

63 3336 264 3390 tenachaltliche
281 3337 510 3405 (philosophische)
527 3336 573 3389 Er·
658 3339 766 3390 omnino
783 3336 937 3403 hberhaupt:
956 3335 1032 3388 XXV.
1043 3338 1084 3391 98.

62 3403 186 3458 henutnis
204 3404 248 3456 der
259 3403 306 3456 liin
326 3420 354 3457 e:
372 3420 405 3458 zu
422 3407 453 3456 io
467 3421 519 3457 mu
536 3408 575 3457 oi·
657 3402 763 3466 smem
773 3432 805 3442 -
819 3405 891 3466 ferre
902 3431 936 3441 -
948 3403 1079 3471 auferret:
1098 3418 1130 3457 zu

62 3477 144 3540 taque
161 3476 296 3524 communi
337 3475 394 3528 .18.
424 3471 473 3525 Iler
485 3472 574 3526 Genet.
621 3473 764 3539 praeclara
780 3488 847 3523 rara
863 3470 979 3526 xxl.79.

10 3553 13 3573 ³
60 3555 156 3594 mm
178 3539 214 3593 ist
237 3555 285 3594 nur
307 3540 354 3592 mit
372 3543 525 3607 anguineae
541 3556 574 3594 zu
659 3542 700 3593 88.
716 3539 876 3592 Tarentinus
884 3538 1131 3608 Arcbptceein'la-

61 3606 213 3662 verbinden.
624 3606 1021 3676 rentinerArchytas,Arebptae
1032 3606 1131 3659 Turen-

93 3690 176 3729 ncum
203 3677 341 3741 negotium
366 3681 467 3742 guent
494 3679 575 3729 ottoet
625 3678 698 3726 tinus
715 3675 777 3727 Gato
785 3674 820 3727 bl.
828 3675 879 3728 llll.
890 3677 922 3729 39
935 3676 1063 3744 Archytas
1077 3690 1130 3727 von

60 3743 268 3880 &cuodmua
290 3744 398 3810 eigenen
417 3743 520 3796 Dienste
537 3744 574 3797 le·
625 3741 730 3863 Targprt:
754 3744 795 3795 ein
820 3743 992 3813 Pythagoreer
1014 3759 1056 3796 nm
1080 3744 1130 3797 400

94 3828 121 3866 u.
244 3827 315 3864 oron.
624 3827 649 3865 v.
717 3851 723 3864 .

94 3880 307 3933 numm-noo
324 3880 441 3945 vitalem,
458 3878 549 3934 Vita.
656 3895 731 3930 cenea
748 3907 781 3917 -
799 3881 832 3930 ab
851 3881 913 3931 alite
929 3882 1043 3933 accidua.
1068 3879 1130 3932 Cato

96 3951 139 4003 87.
157 3951 247 4011 qoecio
266 3963 342 4014 quem
354 3948 505 4000 bezeichnet
523 3948 572 4001 den
623 3945 728 4000 millu.
744 3949 776 4001 43
795 3963 813 3999 a
828 3950 975 3999 maioribus
990 3953 1068 4017 natu,
1085 3949 1132 4014 qut
