2654 4612
155 276 195 336 76
618 273 759 327 naeuus

242 447 364 528 Mopads
385 465 452 510 uero
474 464 557 526 apere
578 450 688 525 prditus
713 441 912 507 Thrasulli?

156 534 234 596 Satis
255 542 319 594 erat
340 533 520 612 respondere
543 529 683 612 Mopsus:
704 529 834 611 lupentio
848 530 955 610 inquit.
1001 532 1134 612 Semper
1144 543 1215 611 auget

155 627 319 682 assentator
346 618 390 693 id,
419 617 498 696 quod
527 616 552 678 is
580 617 664 679 cuius
687 618 721 678 ad
745 615 924 678 voluntatem
946 615 1062 678 dicitur
1083 617 1147 679 vult
1166 637 1215 680 esse
1247 667 1250 676 .

104 714 134 766 99
155 722 305 784 magnum.
349 703 445 774 Quam
468 701 506 763 ob
528 719 592 763 rem
614 720 783 781 quanquam
806 700 912 762 blanda
935 701 990 763 ista
1012 703 1133 765 vanitas
1153 704 1216 783 apud

155 807 208 851 eos
234 789 325 863 valet,
354 789 405 867 qui
435 787 491 867 ipsi
520 786 599 848 illam
627 787 765 849 allectant
794 795 823 847 et
843 786 984 860 invitant;
1013 795 1120 849 tamen
1145 791 1216 850 etian

156 875 305 954 graviores
327 873 605 951 constantioresque
627 871 807 934 admonendi
828 879 915 947 sunt,
937 881 971 932 ut
992 873 1230 936 animadvertant

156 978 194 1021 ne
225 959 328 1021 callida
364 957 560 1019 assentatione
594 958 758 1037 capiantur.
803 956 912 1035 Aperte
946 957 1026 1018 enim
1059 959 1217 1021 adulantem

60 1071 64 1077 ·
156 1062 244 1105 nemo
273 1062 335 1104 nou
364 1042 456 1115 videt,
485 1042 542 1103 nisi
565 1043 616 1121 qui
637 1041 795 1104 admodum
817 1050 862 1102 est
883 1059 1001 1103 excors:
1035 1043 1162 1106 callidus
1181 1045 1218 1106 ille

155 1138 186 1189 et
208 1128 341 1190 occultus
364 1145 402 1189 ne
424 1145 456 1188 se
478 1127 617 1202 insinuet,
640 1128 770 1190 studiose
791 1127 953 1188 cavendum
973 1136 1027 1189 est.
1074 1129 1138 1191 Nec
1152 1130 1218 1192 enin

155 1214 292 1275 facillime
314 1211 500 1292 agnoscitur:
523 1213 634 1292 quippe
654 1213 706 1292 qui
725 1212 812 1274 etiam
828 1211 1007 1273 adversando
1023 1231 1116 1294 saepe
1131 1234 1218 1277 assen-

155 1306 251 1372 tetur,
282 1308 310 1359 et
332 1298 446 1376 litigare
468 1315 499 1358 se
523 1298 665 1360 simulans
687 1297 869 1372 blandiatur;
893 1304 981 1376 atque
1003 1298 1041 1358 ad
1066 1308 1217 1362 extremum

156 1383 206 1444 det
232 1401 337 1444 manus
364 1382 500 1460 vincique
529 1402 561 1445 se
589 1384 731 1463 patiatur,
767 1390 800 1443 ut
828 1381 852 1443 is
881 1383 931 1461 qui
960 1382 1068 1445 illusus
1098 1385 1139 1446 sit
1164 1385 1216 1465 plus

155 1467 261 1530 vidisse
288 1469 430 1530 rideatur.
475 1467 552 1538 Quid
575 1477 672 1530 autem
694 1467 810 1546 turpius
833 1485 921 1545 quam
943 1466 1049 1529 illudi‘l
1089 1469 1176 1541 Quod
1193 1477 1217 1531 ul

156 1571 194 1614 ne
217 1554 330 1615 accidat
351 1552 443 1631 magis
466 1554 629 1615 cavendum
652 1561 704 1626 est,
728 1561 761 1613 ut
783 1552 813 1612 in
836 1551 988 1631 Epiclero:

245 1638 282 1701 Ut
304 1656 348 1699 me
368 1637 451 1699 liidie
472 1650 538 1699 oute
553 1657 649 1700 omues
671 1641 791 1699 odmiooa
812 1633 915 1699 stultis
935 1648 1016 1699 sesses

246 1722 374 1785 Versdris
397 1730 479 1802 atque
501 1720 638 1785 illusseris
661 1716 839 1784 lautissime!

105 1817 147 1868 100
157 1809 238 1869 llaec
261 1807 341 1868 enim
364 1807 452 1867 etiam
476 1807 506 1867 in
522 1806 628 1870 labulis
643 1807 813 1870 stultissima
827 1823 955 1886 persona
971 1816 1026 1880 est,
1049 1807 1216 1887 improvido

156 1911 224 1953 rum
246 1900 276 1952 et
298 1890 486 1952 credulorum
507 1910 623 1953 senum.
667 1892 725 1954 Sed
748 1891 849 1953 nescio
871 1910 931 1970 quo
953 1901 1052 1970 pacto,
1076 1894 1114 1954 ab
1130 1893 1215 1954 amici

156 1977 205 2038 tiis
232 1977 434 2055 perlectorum
462 1976 617 2038 hominum
645 1978 674 2039 id
698 1985 743 2038 est
764 1976 940 2055 sapientium
962 2011 1003 2022 -
1028 1978 1065 2038 de
1088 1977 1143 2039 hac
1164 1978 1216 2038 dico

156 2061 315 2142 sapientia,
339 2079 414 2139 quae
435 2061 551 2122 videtur
573 2062 604 2122 in
626 2062 777 2123 hominem
800 2062 904 2122 cadere
925 2079 1073 2140 posse-
1095 2063 1216 2124 adleves

156 2145 295 2208 amicitias
323 2145 444 2207 deduxit
472 2146 574 2207 oratio.
619 2146 711 2218 Quam
736 2145 858 2207 obrem
881 2145 917 2206 ad
938 2145 985 2206 illa
1007 2147 1106 2226 prima
1128 2149 1216 2210 redea-

156 2250 231 2307 mus,
254 2249 347 2311 eaque
370 2231 432 2311 ipsa
453 2231 664 2294 concludamus
685 2231 853 2310 aliquando.

187 2347 301 2414 Magnas
318 2364 379 2399 uero
398 2362 479 2412 agere
496 2347 594 2401 lebhalt
611 2348 664 2402 sur:
714 2346 806 2399 haben.

152 2418 215 2468 Aiu'
231 2433 294 2467 uero
312 2416 380 2481 oder„
393 2417 525 2469 Ver-amm
547 2422 587 2467 est
609 2432 665 2467 ma·
749 2419 781 2466 ut
791 2419 820 2466 iu
833 2413 956 2480 Epiclero
968 2415 1020 2466 wie
1033 2415 1082 2480 (es)
1094 2417 1120 2468 in
1130 2415 1174 2467 der
1183 2413 1215 2464 lir-

86 2526 89 2535 ,
150 2500 221 2550 guas
238 2488 334 2550 agera?
364 2483 440 2535 anal.
458 2485 535 2536 Andr.
554 2483 663 2538 l.5.1d:
715 2483 759 2535 bin
778 2483 840 2546 (ist),
870 2483 1009 2549 Epicleros
1027 2483 1095 2536 hieis
1111 2484 1152 2537 ein
1164 2482 1216 2535 nach

151 2553 253 2604 Adeon’
284 2555 415 2603 ammaon
446 2569 500 2603 esse
531 2551 665 2615 infelicem
716 2550 760 2603 der
778 2546 943 2622 Ἐπίκληρος
960 2550 1005 2602 des
1024 2549 1166 2604 Menander
1183 2565 1216 2617 ge

153 2636 310 2688 quemquam
326 2627 358 2671 ut
374 2634 422 2685 ego
439 2624 513 2671 sumt
715 2619 852 2671 arbeiletes
870 2618 997 2684 Lustspiel
1016 2617 1062 2672 des
1075 2619 1105 2672 K.
1119 2619 1216 2671 Gacilius

187 2687 664 2754 MagnastlagenlesUngeheuren.
716 2685 821 2750 Statius,
840 2686 910 2737 eines
922 2685 1108 2752 Zeitgenossen
1123 2686 1217 2740 ‹leelin-

188 2759 228 2809 99.
247 2772 295 2807 aee
306 2759 377 2807 enim
386 2755 515 2816 facillimo
524 2757 594 2809 nicht
606 2771 664 2808 zum
716 2755 780 2807 nius.
798 2753 851 2805 Aul
859 2753 900 2806 die
910 2754 1220 2821 hierangeluhrtenVerss

152 2823 312 2876 leiohtesten.
348 2822 452 2876 Litotes.
716 2822 780 2874 wind
798 2821 860 2874 Cato
878 2820 911 2874 Μ.
930 2821 970 2876 Xl.
989 2824 1023 2875 36
1045 2822 1216 2890 hingewiesen.

188 2891 355 2941 aduersando
367 2895 498 2942 assentari
509 2890 664 2959 Oxymoron.
749 2882 927 2943 comioos‘der
939 2884 1081 2954 Komidie‘‚
1101 2893 1170 2945 nicht
1180 2891 1217 2942 lm

154 2958 203 3010 Zur
221 2957 303 3009 Saohe
320 2956 380 3009 Tae.
392 2959 458 3010 dnn.
467 2959 485 3010 1.
496 2962 524 3012 8:
542 2960 665 3011 Addebat
715 2958 812 3011 mische
828 2959 863 3009 im
881 2959 1080 3025 geuthnlichen
1100 2959 1182 3012 Sinne.

154 3025 267 3078 Messala
280 3025 406 3078 Valerius
422 3028 605 3078 renouandum
613 3043 664 3092 pes·
749 3043 854 3078 unsara
877 3027 902 3078 in
926 3026 1018 3079 Alliam
1042 3031 1144 3093 setzen,
1166 3026 1217 3079 oder

153 3110 238 3145 anuos
254 3098 450 3146 sacramentum
467 3097 497 3145 iu
511 3110 606 3145 nomeu
621 3093 664 3146 rt·-
711 3086 902 3147 ‘verarbeiten'
925 3095 976 3146 wie
1000 3108 1060 3147 man
1083 3094 1218 3150 sehenhall

153 3164 234 3225 desii,
259 3165 493 3228 interrogatusque
516 3179 533 3213 u
559 3161 663 3214 Tiberio
714 3165 780 3228 sagi.
802 3184 805 3190 ²

151 3246 255 3282 numae
270 3231 415 3282 mandante
432 3246 490 3282 eam
506 3233 664 3282 seutentiam
749 3230 886 3283 illusseris.
928 3227 1026 3294 Wegen
1051 3230 1097 3283 der
1114 3231 1218 3298 Verdop·
1253 3248 1255 3253 ’

148 3301 329 3366 prompsisset,
340 3304 434 3365 sponte
445 3299 664 3365 dicisserespou·
715 3297 811 3365 pelung
829 3297 875 3349 des
892 3312 904 3349 e
922 3298 974 3364 vgl.
994 3296 1100 3359 Quintil.
1119 3301 1137 3354 1.
1147 3305 1169 3354 7.
1178 3303 1217 3353 20:

152 3367 200 3430 dit,
217 3383 301 3433 neque
318 3369 348 3418 in
365 3370 400 3419 iis
417 3383 485 3434 quae
496 3368 599 3420 adrem
612 3384 665 3434 pu·
717 3364 795 3430 puro,
816 3366 889 3432 quod
905 3365 1040 3418 &aaronis
1058 3370 1219 3435 temporibus,

153 3436 249 3487 ilicum
253 3439 421 3503 pertinerent
429 3437 540 3488 emendo
553 3439 607 3488 nisi
615 3451 664 3486 suo
712 3435 877 3499 paulumque
893 3432 978 3498 infra,
994 3432 1054 3495 fere
1071 3434 1219 3504 quotieasS

151 3520 276 3568 usurum,
298 3505 340 3554 uel
357 3520 417 3556 eum
438 3507 558 3571 puricello
582 3505 665 3568 offen·
716 3503 807 3552 littera
823 3502 911 3553 media
929 3503 1063 3554 vocalium
1085 3505 1219 3572 longarum

151 3575 243 3624 uanis.
279 3572 321 3624 Ea
338 3572 395 3624 sola
417 3577 516 3640 species
533 3572 666 3625 adulandi
714 3569 758 3619 uel
776 3571 892 3621 subiecta
912 3570 1000 3635 longis
1016 3577 1091 3638 esset,
1106 3576 1219 3640 geminu-

151 3645 299 3707 aupererat.
715 3639 812 3689 daher?

187 3709 231 3760 det
246 3724 341 3760 monus
358 3724 410 3761 von
428 3708 600 3776 demjenigen,
619 3706 664 3759 der
748 3705 894 3758 lautissime
913 3705 958 3757 aul
974 3704 1019 3758 das
1036 3704 1195 3762 kaistlichste.

152 3776 206 3829 sich
230 3776 297 3829 ohne
320 3777 425 3830 weltere
443 3776 602 3844 Gegenwehr
625 3791 663 3828 er·
750 3777 806 3827 100.
825 3773 857 3823 de
869 3775 919 3825 tae
931 3774 991 3825 dieo
1008 3779 1152 3841 sapientia.
1168 3775 1219 3843 Vgl.

151 3845 230 3911 giebt,
248 3845 314 3897 auch
325 3845 373 3897 mit
386 3844 443 3897 dean
452 3845 560 3898 Zneatze
576 3845 663 3895 uictae
713 3838 745 3893 V.
757 3844 796 3895 18.
814 3841 854 3894 Xl.
865 3843 906 3894 38.

151 3911 214 3964 oder
230 3916 322 3965 uiolas.
747 3910 872 3972 delluuii:
890 3908 954 3962 xxi.
964 3912 997 3963 'lli
1015 3911 1158 3977 deluditur.

181 3980 244 4046 plus
260 3980 357 4031 uidesse
383 3970 482 4033 welter'
500 3978 612 4045 geschen
629 3994 661 4030 zn
747 3979 783 4029 ad
790 3978 840 4030 illu
849 3980 948 4044 prim,
960 3980 1117 4033 namentlieh
1126 3998 1159 4034 su
1168 3980 1220 4033 dem
