2654 4612
212 276 252 336 68
675 273 818 330 LdllLllJS.

213 452 237 512 si
266 451 293 516 id
321 449 455 510 volumus
477 448 598 527 adipisci
619 448 720 509 virtuti
742 466 831 528 opera
853 447 947 509 danda
969 456 1028 521 eet,
1058 447 1130 509 sine
1153 465 1215 528 qua
1237 467 1281 509 nec

213 534 370 598 amicitiam
398 552 496 613 neque
525 533 613 594 ullam
643 551 705 594 rem
728 533 922 613 expetendam
944 532 1089 612 consequi
1113 552 1281 612 possumm;

214 640 247 683 ea
274 638 344 682 vero
372 619 505 698 neglecta
533 619 584 696 qui
613 636 645 679 se
674 619 784 680 amicos
810 617 920 680 habere
941 617 1144 692 arbitrantur,
1173 626 1239 680 tum
1257 637 1281 681 se

212 706 341 785 denique
356 722 469 766 errasse
483 704 626 777 sentiunt,
649 721 717 764 cum
732 723 783 765 eos
805 704 900 782 gravis
922 702 1026 783 aliquis
1047 721 1140 766 casus
1162 704 1281 784 experiri

163 801 192 852 85
214 791 302 870 cogit.
347 789 493 862 Quocirca
506 822 549 833 —
564 788 723 849 dicendum
745 799 789 850 est
811 789 890 850 enim
912 789 1028 868 saepius
1050 822 1094 833 -
1119 807 1195 851 cum
1218 789 1280 851 iudi

214 877 289 938 caris
310 875 431 953 diligere
453 882 584 954 oportet,
615 893 675 934 non
700 892 767 935 oum
790 874 926 936 dilexeris
949 873 1089 935 iudicare.
1137 873 1202 937 Sed
1225 893 1280 937 cun

213 961 313 1022 multis
328 960 360 1021 in
382 958 472 1021 rebus
494 958 680 1037 neglegentia
701 959 869 1038 plectimur,
892 971 955 1021 tum
977 959 1108 1020 maxime
1132 959 1165 1020 in
1190 959 1280 1021 amici

213 1056 243 1107 et
257 1044 412 1124 diligendis
432 1054 462 1105 et
483 1043 627 1117 colendis3
648 1044 846 1124 praeposteris
867 1044 945 1105 enim
969 1043 1079 1105 utimur
1103 1045 1243 1107 consiliis
1260 1053 1281 1105 et

214 1140 279 1192 acta
306 1130 434 1208 agimus,
463 1129 543 1207 quod
564 1137 696 1189 vetamur
716 1137 815 1190 vetere
836 1128 1002 1209 proverbio.
1046 1129 1126 1191 Nam
1149 1129 1281 1211 implicati

213 1217 293 1278 ultro
323 1223 353 1276 et
375 1213 450 1275 citro
472 1214 517 1274 vel
539 1232 595 1275 usu
616 1214 757 1275 diuturno
778 1214 824 1276 vel
845 1215 933 1275 etiam
954 1214 1075 1289 officiis,
1107 1215 1281 1295 rcpentcin

214 1299 312 1361 medio
342 1317 432 1361 cursu
460 1298 600 1360 amicitias
628 1309 729 1360 exorta
757 1299 854 1379 aliqua
876 1299 1040 1362 offensione
1062 1299 1281 1381 disrumpimue

164 1395 193 1446 86
299 1383 401 1445 ΧΧΙΙΙ.
438 1385 505 1456 Quo
520 1384 608 1445 etiam
623 1384 714 1464 magis
736 1385 926 1464 vituperanda
948 1394 992 1446 est
1013 1385 1057 1445 rei
1078 1386 1218 1448 maxime
1240 1404 1282 1447 ue

216 1471 358 1532 cessariae
372 1479 454 1531 tanta
468 1469 593 1530 incuria.
637 1469 704 1531 Una
718 1479 763 1531 est
777 1470 856 1531 enim
872 1470 997 1531 amicitia
1012 1469 1042 1530 in
1065 1469 1164 1533 rebus
1187 1472 1282 1533 huma

216 1556 272 1630 nis,
295 1556 331 1616 de
353 1555 437 1618 cuius
458 1554 581 1617 utilitate
604 1573 707 1616 omnes
728 1573 789 1615 uno
813 1573 864 1616 ore
886 1555 1092 1617 consentiunt:
1117 1573 1282 1636 quanqum

215 1640 348 1702 amultis
367 1641 460 1702 virtus
480 1640 544 1719 ipsa
567 1639 777 1714 contemnitur,
798 1648 828 1701 et
849 1639 1007 1701 venditatio
1029 1640 1181 1719 quaedam
1206 1649 1282 1721 atqu

217 1726 373 1788 ostentatio
403 1744 468 1787 esse
495 1725 611 1787 dicitur.
655 1724 740 1787 llulti
761 1725 874 1786 divitias
895 1725 1073 1803 despiciunt,
1096 1745 1179 1804 quos
1203 1744 1282 1807 parm

249 1856 298 1891 nee
315 1841 462 1890 amicitiam
473 1855 558 1904 neque
571 1839 654 1891 ullam
666 1856 722 1891 rem
774 1844 878 1891 et-et
894 1839 998 1894 werden
1017 1840 1082 1894 eben
1101 1840 1282 1896 verschiedne

216 1908 282 1960 auch
300 1907 370 1958 nicht
390 1905 431 1958 die
448 1905 631 1959 Freundechalt
656 1908 723 1960 noch
773 1907 884 1974 Begriffe
901 1909 1049 1962 verbunden
1061 1909 1118 1962 und
1132 1911 1181 1963 aul
1192 1910 1282 1978 gleiclc

217 1975 378 2040 (uberhaupt)
396 1974 484 2040 irgend
506 1975 548 2026 ein
566 1974 624 2027 Gut.
659 1975 722 2029 Cato
773 1976 843 2029 Linie
861 1978 971 2044 gestellt

217 2041 353 2094 M.x11.41
367 2041 423 2093 Neo
434 2045 505 2092 enine
518 2043 629 2093 libidine
640 2044 723 2094 dome·-
808 2045 1283 2112 octuagereeig.nachgeschlossenen

215 2116 297 2163 nante
310 2112 501 2176 temperantiae
511 2112 596 2162 locum
606 2128 667 2175 esee,
679 2127 724 2162 ne-
774 2111 858 2165 Akten
870 2114 1053 2180 proeessieren,
1066 2112 1138 2166 dann
1153 2113 1283 2181 allgcmein

217 2180 724 2246 qneomninoinuoluptntisregnouir-
775 2180 1283 2248 Gethauesthun:einesprichwdrtliclre

219 2253 301 2298 tutem
311 2263 391 2313 posse
403 2249 554 2298 aaronem.
571 2246 669 2313 Wegen
680 2247 724 2299 der
774 2247 922 2314 Redensart,
935 2249 985 2300 wie
995 2248 1040 2300 das
1051 2249 1183 2303 deutsche
1193 2267 1228 2302 en
1236 2250 1284 2318 epit

216 2315 309 2371 xltm
323 2314 723 2382 angegebenenBedeutnngdes
774 2315 901 2369 hommen.
942 2316 1001 2369 llier
1022 2317 1057 2368 ist
1080 2319 1217 2385 gemeint,
1246 2317 1284 2369 wir

216 2400 266 2435 nec
281 2384 348 2435 kann
365 2398 393 2435 es
407 2383 432 2434 in
444 2383 490 2435 der
499 2382 660 2447 llisjunlttion
671 2383 724 2436 nie·
773 2383 918 2450 langenan
935 2401 966 2438 zu
984 2385 1093 2437 urteilen
1113 2401 1196 2439 wenn
1214 2401 1244 2439 ee
1259 2399 1284 2436 ru

217 2452 281 2504 mals
294 2452 376 2503 einem
388 2451 666 2516 horrespondierenden
680 2468 724 2502 ne·
774 2453 832 2520 spit
851 2453 893 2504 ist.

218 2535 268 2585 que
284 2519 454 2585 vorangehen.
490 2518 548 2571 Von
565 2519 622 2571 dem
639 2519 723 2571 XVlll.
808 2521 941 2585 implicati
958 2535 1033 2572 wenn
1050 2521 1100 2572 wir
1114 2522 1285 2588 (bereitslge-

218 2591 251 2641 65
268 2587 461 2653 hesprochenen
477 2589 667 2653 ne—qnidem
678 2603 725 2640 un·
774 2587 877 2640 bunden
895 2587 952 2640 sind
968 2587 1076 2655 (durch).

218 2655 371 2708 tenscheidet
382 2655 438 2708 sich
447 2648 580 2707 nec‘auch
592 2650 670 2708 nicht’
679 2671 726 2708 nur
809 2660 839 2707 a'n
851 2657 937 2708 medio
950 2672 1039 2722 curru,
1050 2656 1168 2710 nimlich
1178 2657 1227 2711 aul
1237 2657 1285 2709 deu

220 2722 340 2787 daduroh,
358 2722 415 2774 dats
431 2739 460 2775 es
472 2724 585 2789 weniger
595 2723 726 2776 umstand·
776 2725 965 2790 gemeinsamen
983 2723 1073 2790 Wege.
1109 2724 1174 2792 Vgl.
1186 2729 1204 2792 5
1218 2728 1250 2780 38
1265 2740 1285 2776 n

221 2790 273 2842 lioh
284 2790 337 2842 und
350 2791 461 2856 weniger
473 2791 671 2844 nachdrdchlich
683 2793 724 2844 ist.
774 2791 806 2846 X.
819 2795 853 2845 34
869 2793 879 2854 (
898 2795 1016 2859 reuecta).

255 2863 310 2908 tum
328 2873 356 2906 ee
376 2858 497 2922 dentque.
532 2857 582 2910 llas
600 2858 676 2912 Pron.
691 2860 726 2911 ist
809 2861 855 2912 llll
888 2901 894 2912 .
917 2863 957 2914 86.
999 2860 1056 2924 Quo
1084 2864 1170 2913 ettam
1198 2862 1286 2928 magia.

220 2924 305 2976 tonlos
323 2923 452 2976 zwischen
469 2924 515 2977 das
532 2927 726 2993 zusammenge-
771 2920 841 2980 ‘ona
859 2943 901 2980 um
920 2944 949 2980 so
961 2928 1161 2982 tadelnswerter
1173 2930 1244 2982 noch
1259 2927 1286 2980 to

220 2991 515 3057 hdrigeeingeschoben.
533 2992 726 3047 terohxxut.
776 2997 834 3049 eine
851 3011 881 3048 so
903 2998 989 3062 grosse
1008 2990 1226 3064 Sorglosiglreit',
1245 2996 1287 3047 wie

222 3062 254 3113 85
271 3075 338 3111 non
360 3075 402 3109 me
426 3059 592 3123 deserens,
613 3077 638 3128 p.
655 3061 726 3115 Sulla
777 3064 819 3116 die
827 3065 923 3116 sochen
932 3065 1048 3117 namhalt
1056 3067 1195 3130 gemachte
1205 3064 1287 3132 nagia·

220 3127 282 3180 Xlll.
292 3131 324 3182 39
342 3130 354 3177 i
361 3127 435 3179 llud
444 3130 512 3180 mihi
523 3133 652 3181 tantum
663 3135 728 3182 sotis
775 3135 882 3198 gentio,
902 3125 1075 3185 ‘hinsichtlich
1101 3135 1177 3188 eines
1194 3150 1227 3188 so
1244 3148 1288 3186 nn

221 3201 267 3260 est,
285 3194 350 3262 Nep.
368 3195 444 3262 Aget.
458 3195 498 3248 Vl.
515 3199 531 3250 2
548 3214 581 3248 se
604 3198 635 3249 r'd
651 3215 727 3264 puo-
777 3200 1067 3253 entbehrlichen
1086 3193 1288 3256 Reuertemur:

222 3281 283 3330 pue
299 3264 362 3326 fieri
378 3265 470 3316 dedere
487 3266 713 3320 animaduertisse.
777 3284 820 3321 um
832 3283 862 3321 so
875 3269 1077 3333 tadelnswerter,
1091 3271 1121 3336 je
1135 3271 1288 3324 unenthehr·

255 3332 605 3401 emperiridiellrfahrungzu
613 3336 727 3400 machon,
777 3337 858 3389 lieher
875 3335 916 3389 die
934 3335 1119 3390 Freundschalt
1137 3339 1183 3392 ist

222 3400 246 3452 d.
265 3401 290 3454 h.
307 3400 387 3452 durch
400 3400 515 3453 Schaden
532 3402 597 3468 hlug
614 3419 645 3455 zu
664 3419 728 3454 wer·
812 3421 965 3471 quanquam
980 3405 1158 3471 horrigierend
1168 3408 1194 3459 in
1205 3406 1290 3460 Bexie

222 3468 283 3520 den:
328 3467 413 3539 εχθὲν
430 3468 459 3525 δέ
476 3488 508 3526 τε
550 3468 625 3535 ’πιος
642 3466 727 3541 dyona!
778 3473 906 3539 hungaul
916 3489 1068 3525 omnesaue
1087 3490 1143 3527 ore.
1168 3475 1207 3528 Da
1220 3489 1291 3542 sogat

221 3536 247 3588 ll.
263 3535 310 3587 xv
333 3539 391 3589 ..⁹32
407 3537 505 3602 (llesO
524 3489 590 3593 318
606 3533 728 3605 παθών.)
780 3540 821 3592 die
844 3540 964 3607 Tngend,
989 3541 1088 3593 welche
1111 3542 1160 3596 das
1184 3545 1291 3597 Aller-

257 3606 297 3657 85.
307 3605 420 3670 delegere
430 3607 478 3657 wie
512 3605 650 3660 xvll.1oo.
668 3607 729 3659 Dals
779 3608 887 3661 hochste
904 3610 939 3661 ist
955 3608 1063 3673 (XXVll.
1074 3613 1125 3663 104
1135 3627 1160 3664 a.
1174 3611 1223 3678 h),
1241 3613 1291 3664 ihre

222 3687 251 3725 es
268 3672 323 3725 hier
339 3673 410 3726 nicht
428 3674 618 3727 sinnverwandt
635 3675 669 3727 ist
682 3674 730 3727 mit
779 3675 919 3729 Verichter
931 3677 988 3738 hat;
1001 3693 1030 3729 so
1042 3676 1124 3731 findet
1136 3681 1204 3748 sich,
1215 3683 1292 3735 meleu

222 3740 308 3792 colere
324 3741 449 3806 (dingere
466 3746 492 3792 et
511 3757 604 3794 corum
625 3745 729 3807 deduc,
780 3745 878 3806 Lilins,
900 3760 941 3796 am
958 3744 1029 3797 Ende
1047 3747 1120 3798 wohl
1138 3750 1208 3802 auch
1225 3751 1292 3805 einer

223 3811 364 3860 ademare
382 3815 407 3860 et
418 3809 538 3874 diligere,
556 3811 642 3862 colere
654 3816 681 3862 et
691 3812 730 3862 de·-
781 3813 843 3864 oder
860 3813 905 3864 der
923 3813 1023 3877 andere,
1041 3814 1156 3868 welcher
1169 3818 1293 3875 uuerden

224 3877 329 3943 ligere),
353 3877 453 3944 ergiebt
475 3877 530 3929 sich
555 3879 619 3931 anch
640 3885 732 3932 auset
780 3879 853 3933 Wert
870 3881 915 3933 der
927 3881 1111 3936 Freundschalt
1123 3885 1185 3939 eine
1203 3887 1293 3944 andere

225 3944 367 4009 diligendis
378 3950 405 3996 et
419 3946 549 3998 coendia:
566 3946 634 3999 denn
651 3946 731 4001 durch
781 3945 904 4016 hleinung
921 3950 989 4017 hegt.
