2654 4612
479 277 622 332 nubilus.
1044 275 1085 336 51

87 450 223 528 datione',
254 452 404 514 dumtaxat
431 453 468 513 ad
495 459 620 531 tempus.
664 451 750 523 Quod
777 451 803 513 si
829 452 906 513 forte
935 486 975 497 -
998 460 1032 514 ut
1052 455 1087 516 llt

87 555 193 617 rumque
208 572 250 584 -
265 537 445 612 oeciderunt,
467 545 531 599 tum
552 537 733 617 intellegitur
753 555 841 616 quam
855 537 966 600 fuerint
980 538 1085 618 inopes

87 641 196 685 rorum:
225 625 305 704 quod
327 623 520 702 Tarquinium
548 622 654 685 dixisse
675 624 791 697 ferunt,
819 630 882 685 tum
903 624 1085 686 exsulantem

87 710 257 772 ,ntellexisse
279 728 354 788 quos
375 709 449 771 udos
471 708 580 771 amicos
601 707 751 770 habuisset
772 727 848 788 quos
869 708 992 784 infidos,
1015 728 1081 771 oum

108 796 222 857 neutris
250 795 373 874 gratiam
401 797 514 858 referre
541 803 650 874 posset.
693 793 870 873 Quanquam
897 795 1006 869 miror,
1034 795 1083 856 illa
1105 800 1134 852 51

87 879 155 942 rrbia
177 888 207 942 et
228 880 459 960 importunitate,
481 880 506 942 si
521 897 697 959 quemquam
712 879 838 941 amioum
853 879 962 941 babere
976 881 1082 960 potuit.

87 985 113 1026 re
142 974 175 1027 ut
201 965 305 1039 huius,
336 983 424 1044 quem
446 965 515 1040 dixi,
537 984 636 1026 mores
657 983 742 1026 veros
763 965 873 1027 amieos
895 982 999 1045 parare
1020 985 1082 1027 non

87 1059 194 1127 lerunt3
224 1051 267 1113 sio
293 1051 454 1111 multorum
477 1070 548 1131 opes
569 1049 807 1131 praepotentium
829 1050 990 1112 excludunt
1010 1052 1083 1112 ami·
1108 1092 1113 1105 ‹

87 1156 99 1197 s
128 1136 238 1198 fideles.
282 1136 348 1197 Non
378 1137 456 1198 enim
478 1136 575 1198 solum
603 1136 667 1216 ipsa
688 1135 820 1197 Fortuna
846 1154 933 1197 caeca
955 1146 1007 1210 est,
1030 1138 1082 1198 sed

96 1221 183 1282 etiam
211 1222 387 1302 plerumque
414 1222 504 1283 elficit
533 1240 637 1282 caeoos
659 1240 734 1300 quos
755 1222 907 1301 complexa
929 1230 981 1283 est.
1024 1222 1082 1282 lta-

96 1308 262 1369 efferuntur
283 1308 344 1368 lere
364 1307 479 1369 fastidio
502 1315 531 1368 et
546 1307 739 1381 contumacia,
762 1326 819 1369 neo
834 1307 994 1386 quidquam
1009 1307 1081 1369 insi·

87 1400 115 1452 te
138 1394 287 1454 fortunato
310 1391 524 1454 intolerabilius
545 1393 610 1454 fieri
629 1401 736 1472 potest.
780 1391 876 1471 Atque
890 1392 948 1453 hoc
963 1392 1082 1472 quidem

87 1496 113 1538 re
135 1478 212 1553 lieet,
234 1497 285 1539 eos
308 1478 359 1557 qui
380 1486 465 1539 antea
487 1477 650 1539 commodis
671 1478 783 1539 luerint
804 1477 936 1539 moribus
957 1478 1081 1557 imperio

88 1571 161 1624 state
183 1563 334 1643 prosperis
356 1563 445 1625 rebus
466 1564 615 1625 immutari
637 1560 750 1647 [sperni
772 1562 807 1624 ab
831 1562 866 1624 iis
878 1571 992 1624 veteres
1007 1563 1079 1624 ami-

87 1667 105 1721 s,
128 1648 274 1727 indulgeri
296 1645 400 1731 novis].
444 1648 521 1720 Quid
542 1658 639 1709 autem
653 1648 780 1722 stultius,
803 1665 890 1727 quam
904 1666 973 1710 eum
987 1648 1080 1728 pluri·
1102 1651 1131 1701 55

87 1752 96 1792 1
126 1734 218 1814 copiis
246 1733 434 1796 facultatibus
462 1733 569 1813 opibus
596 1734 727 1814 possint,
750 1742 847 1795 cetera
868 1752 982 1814 parare,
1005 1753 1079 1814 quae

87 1830 157 1881 ntur
177 1819 316 1900 pecunia,
339 1838 432 1899 equos
452 1820 592 1893 famulos,
620 1827 730 1881 vestem
757 1819 905 1899 egregiam
924 1838 991 1881 vasa
1011 1838 1080 1900 pre-

87 1970 520 2035 taxet=dumtanatqutk‚wenn
606 1974 647 2025 54.
670 1970 719 2023 illa
740 1971 783 2024 bei
802 1963 899 2023 ‘seiner
919 1963 1080 2024 belrannten’

87 2053 92 2089 ι
110 2053 193 2104 genau
210 2039 309 2104 nimmt)
326 2053 375 2090 nur
391 2039 447 2092 eine
464 2039 521 2092 Zeit
570 2038 668 2120 llollmt
693 2039 753 2120 und·
772 2037 936 2105 sobolibus,
965 2044 1081 2093 amioum

87 2174 126 2225 :od
141 2176 166 2225 si
183 2173 252 2226 stebt
268 2173 323 2227 bier
339 2174 367 2227 in
384 2174 442 2227 dem
457 2174 521 2228 Siun
569 2107 817 2244 erqqrqppsqqqthqqm
831 2175 1016 2229 molirierende
1028 2177 1080 2244 Ap-

87 2241 280 2295 dobemNeuere
290 2243 328 2295 olt
338 2243 441 2309 quodsi
450 2247 520 2294 enim
571 2244 697 2311 position:
715 2245 768 2311 vgl.
787 2244 897 2296 deorlll.
908 2247 948 2301 12.

87 2326 108 2363 n.
145 2310 234 2362 bisses
257 2311 292 2362 ist
308 2311 370 2363 uber
386 2327 416 2363 so
435 2312 521 2379 wenig
605 2313 743 2379 complana
766 2318 806 2364 est
827 2312 852 2364 in
878 2311 919 2364 die
936 2313 1013 2365 Arme
1035 2328 1079 2380 ge-

87 2379 148 2431 dsob
166 2378 204 2431 als
222 2380 334 2446 quodsi
350 2396 428 2445 uero,
450 2380 523 2446 quod
573 2381 765 2433 soblossenbat.
778 2380 1078 2446 lmeigentliobenSiune

87 2451 158 2512 ntem,
182 2448 254 2513 quod
274 2449 299 2499 ei
315 2450 403 2513 agitur
425 2463 451 2499 n.
469 2448 521 2515 dgl‚
571 2448 624 2501 und
636 2448 1078 2515 mitmaliaioserNebeubeziebung

96 2514 147 2568 alle
176 2515 247 2568 diese
270 2514 401 2568 Partilreln
424 2516 520 2569 bereits
571 2517 675 2570 werden
686 2517 713 2569 iu
726 2517 779 2570 (lat.
788 2516 816 2571 ll
828 2520 867 2570 10.
878 2519 910 2569 22
927 2516 969 2569 die
980 2517 1079 2570 Busen·

88 2599 113 2636 m
132 2583 204 2649 quod
225 2584 357 2636 entbalten
379 2583 437 2636 siud
460 2583 521 2637 oder
570 2584 677 2637 lreunde
694 2584 747 2637 und
765 2584 948 2639 Sebolslrinder
965 2585 1011 2639 des
1028 2584 1078 2639 lla·

87 2655 169 2772 pstenq
199 2652 295 2704 mittels
317 2652 452 2706 desselben
482 2667 520 2705 er·
571 2653 643 2705 tilina
656 2654 839 2720 deemnplean
850 2656 1079 2722 aiusaoainuge·

98 2735 151 2772 wer
169 2735 209 2772 en.
570 2727 657 2775 nannt.

87 2786 519 2855 ideruntdas(legenteilvonetaro
603 2790 746 2853 fortunato
763 2789 845 2843 subst.
863 2788 1020 2858 Gldokspila.

87 2857 145 2909 ebn.
602 2858 665 2920 fieri
688 2873 717 2911 es
738 2857 808 2911 Ιιιιιιι
831 2873 876 2926 gar
897 2859 981 2913 niehts
998 2859 1077 2915 Uner-

87 2926 117 2977 od
138 2923 203 2990 (dies
221 2924 271 2977 soll
294 2925 370 2990 auch)
392 2925 453 2992 geht
475 2926 521 2978 aul
569 2926 733 2994 triglioheres
746 2919 866 2994 ‘geben’.

87 2992 247 3059 dlgemeinen
258 2992 341 3045 lnbalt
359 2992 404 3045 des
415 2994 519 3047 vorber-
603 2995 694 3047 uidere
709 2996 787 3048 weist
803 2995 851 3048 mit
863 2995 933 3048 einer
949 2995 1077 3062 gewissen

87 3061 143 3114 iden
161 3060 263 3127 Satzes,
280 3060 333 3114 und
350 3062 432 3113 erhilt
448 3063 519 3115 selue
569 3061 696 3132 Empbase
720 3064 767 3116 aul
787 3065 844 3116 eine
860 3063 1002 3131 Erlahrung
1024 3066 1077 3133 bin,

87 3144 158 3196 egese
176 3128 254 3181 dureb
271 3134 329 3181 tum
352 3130 519 3182 consolantem
570 3132 610 3185 die
624 3131 700 3198 jeder
717 3132 799 3184 selbst
816 3131 922 3184 macben
939 3130 1015 3185 kann.

100 3202 153 3250 erst
170 3197 196 3248 in
209 3196 253 3250 der
264 3193 454 3264 Verbannung².
480 3199 518 3252 Zn
602 3203 742 3251 immutata
753 3193 915 3266 ‘gleichsam'
927 3215 1077 3266 umgewan-

87 3266 134 3318 ritt
143 3264 238 3319 wieder
247 3268 412 3318 exsulantem
420 3267 459 3319 als
467 3267 517 3334 Ep·
569 3269 623 3321 delt
639 3267 756 3321 werden:
775 3266 820 3320 der
836 3266 1003 3334 umgeliehrte
1020 3269 1076 3321 llall

87 3350 132 3387 se:
145 3334 248 3387 irbnliolr
260 3340 316 3386 tum
328 3350 432 3402 quoque
445 3338 518 3387 inter
568 3352 619 3389 von
637 3336 695 3389 dem
712 3353 745 3389 zu
761 3340 794 3387 ut
807 3339 850 3399 ,a‘ta
861 3337 950 3388 dicum
966 3335 1031 3390 xlv,
1041 3341 1074 3391 49

87 3400 516 3463 sfortaanneminnsbiv.ll12.
566 3405 767 3471 besprocbenen.
811 3402 846 3455 So
877 3403 955 3456 beilst
984 3419 1076 3456 ameno

87 3488 105 3522 n
123 3476 180 3522 taam
201 3469 257 3522 illie
274 3473 435 3537 temporibus
452 3472 516 3540 Nep.
565 3465 635 3526 ‘wie'
650 3489 703 3526 von
724 3472 832 3536 sannen,
855 3474 986 3523 attonitus
1002 3464 1074 3526 ‘wie'

89 3577 96 3591 .
113 3538 141 3591 ll.
161 3542 185 3603 4,
203 3533 270 3595 τότε
287 3532 318 3610 y’
330 3533 438 3595 ἐσθλὸν
454 3534 517 3596 oiva-
568 3556 627 3595 vom
638 3541 739 3595 bonnet
751 3540 862 3608 genibrt,
874 3545 956 3592 natus
971 3541 1008 3593 ad
1023 3542 1075 3592 ali-

88 3604 253 3679 ἐξεναρίξας
263 3608 337 3662 Hom.
346 3607 374 3660 ll.
382 3607 447 3662 XVI.
457 3612 514 3662 573.
568 3599 1074 3676 quidoderalioua‘rei‘wie'gesobaffen

87 3696 161 3744 piam
182 3691 286 3754 referre
309 3693 359 3744 de„
375 3691 449 3744 paup
472 3692 516 3745 „p
566 3678 628 3731 oder
640 3669 712 3730 ‘wie'
729 3678 846 3744 gemacht
863 3693 896 3730 au
912 3682 1002 3731 etwas.

87 3778 104 3826 r,
123 3761 163 3813 ldr
176 3761 254 3813 Gutes
271 3761 323 3814 und
338 3760 427 3813 Bdses.
455 3760 514 3827 Vgl.
600 3766 641 3818 55.
659 3761 876 3828 equosfnmuloe,
892 3765 989 3814 autam
1000 3777 1074 3828 egre-

85 3830 121 3882 lla
138 3828 204 3882 xvi.
219 3832 267 3882 47:
286 3844 358 3880 nune
374 3833 460 3880 terum
476 3833 516 3882 eie
564 3835 640 3896 giam
658 3829 786 3897 (kollokt.)
798 3846 862 3881 ausa
873 3833 1000 3897 pretiosa.
1028 3830 1075 3884 Die

87 3936 94 3963 ‚
118 3899 210 3950 tulisse
227 3903 259 3949 ut
272 3899 366 3963 potius
384 3900 515 3950 iniuriam
566 3900 629 3953 auch
640 3898 1076 3966 dulserliobgleiebartigenGlieder

102 3967 227 4018 retulisse
241 3969 360 4031 gratiam
376 3966 477 4020 videar.
567 3969 679 4035 gehdren
690 3967 787 4020 wieder
799 3968 829 4033 je
840 3968 906 4021 awei
917 3983 1072 4025 zusammen.

835 4053 872 4105 4*
