2654 4612
160 259 201 320 72
623 257 764 312 LAELlUS.

105 443 135 497 tl
244 430 330 492 XXV.
366 430 404 492 Ut
425 431 514 510 igitur
536 437 566 492 et
587 447 710 491 monere
733 437 762 490 et
783 430 899 490 moneri
914 429 1072 510 proprium
1089 436 1136 491 est
1149 448 1229 491 verae

160 516 311 590 amicitiae,
327 523 357 577 et
371 516 495 577 alterum
508 515 600 577 libere
615 515 721 585 lacere,
737 533 798 575 non
813 532 926 594 aspere,
942 514 1068 576 alterum
1085 515 1229 595 patienter

160 603 304 682 accipere,
316 620 377 662 non
390 609 608 681 repugnantem
623 600 665 661 sic
677 598 846 661 habendum
858 608 911 673 est,
928 599 1038 661 nullum
1051 599 1086 661 in
1099 601 1228 663 amicitiis

159 698 273 767 pestem
295 704 359 747 esse
381 687 533 759 maiorem,
556 703 643 764 quam
658 683 856 746 adulationem
870 684 1040 746 blanditiam
1054 687 1228 747 assentatio-

159 790 243 834 nem:
273 771 403 850 quamvis
433 771 511 833 enim
534 769 634 831 multis
657 768 828 832 nominibus
849 778 894 831 est
916 770 972 831 hoc
993 770 1102 832 vitium
1126 780 1227 832 notan·

159 857 228 918 dum
250 857 358 918 levium
379 856 534 917 hominurn
556 863 644 933 atque
665 854 827 929 fallacium,
850 855 886 916 ad
907 854 1090 916 voluntatem
1107 855 1226 935 loquen-

104 952 133 1004 92
157 942 232 1004 tium
261 940 376 1013 omnia,
400 941 473 1002 nihil
495 941 530 1002 ad
552 940 712 1001 veritatem.
757 938 829 1001 Cum
851 948 948 1001 autem
972 940 1109 1002 omnium
1133 958 1223 1003 rerun

157 1026 303 1089 simulatio
325 1025 427 1088 vitiosa
450 1032 495 1088 est
516 1024 603 1103 (tollit
625 1024 704 1085 enim
726 1025 865 1085 iudicium
880 1024 940 1085 reri
955 1024 1045 1104 idque
1060 1025 1221 1102 adulterat),

157 1120 220 1173 tum
246 1110 388 1172 amicitiae
418 1118 564 1189 repugnat
590 1109 730 1171 manime:
760 1109 839 1170 delet
865 1109 945 1171 enim
967 1111 1139 1185 veritatem,
1168 1112 1221 1173 sine

157 1215 215 1275 qua
243 1213 353 1256 nomen
379 1195 523 1256 amicitiae
550 1193 647 1256 valere
669 1213 731 1255 non
753 1203 859 1274 potest.
903 1194 975 1255 Nam
998 1213 1067 1256 cum
1085 1195 1220 1258 amicitiae

156 1281 200 1343 ris
227 1280 266 1342 sit
287 1279 317 1341 in
341 1298 391 1354 eo,
419 1290 452 1341 ut
479 1299 558 1343 unus
580 1279 662 1358 quasi
684 1279 800 1342 animus
821 1280 871 1339 fiat
892 1298 928 1340 ex
950 1280 1105 1358 pluribus:
1129 1279 1220 1361 quiid

157 1365 222 1427 deri
250 1365 359 1446 poterit
385 1365 410 1426 si
440 1384 478 1426 ne
506 1365 537 1426 in
566 1383 628 1426 uno
649 1364 767 1443 quidem
791 1382 910 1443 quoque
932 1383 1010 1426 unus
1032 1367 1153 1429 animus
1173 1366 1220 1427 erit

106 1461 136 1512 tt
157 1449 295 1528 idemque
324 1468 459 1529 semper,
488 1451 539 1512 sed
568 1449 664 1511 rarius
692 1449 907 1511 commutabilis
934 1449 1115 1530 multiplex?
1151 1449 1218 1523 Quid

157 1535 236 1597 enim
259 1543 443 1615 potestesse
465 1543 524 1596 tam
547 1533 674 1595 flexibile
696 1543 756 1596 tam
776 1534 901 1608 devium,
924 1553 1011 1613 quam
1031 1537 1151 1599 animus
1165 1536 1217 1596 eius

158 1621 209 1699 qui
237 1621 272 1681 ad
302 1620 422 1682 alterius
451 1639 512 1680 non
535 1621 622 1681 modo
645 1638 765 1681 sensum
787 1637 821 1680 ac
842 1619 1037 1693 voluntatem,
1065 1621 1217 1683 sedetiam

157 1706 271 1767 vultum
293 1714 381 1783 atque
404 1714 510 1767 nutum
532 1701 736 1766 convertitur?

160 1871 205 1923 der
223 1885 269 1923 aus
287 1870 344 1923 dem
362 1869 427 1922 Kato
445 1869 479 1922 Μ.
498 1871 666 1937 angeidhrten
717 1869 814 1923 Stellen
835 1871 885 1923 wie
898 1869 945 1925 ou
957 1870 974 1924 l.
989 1873 1011 1926 1.
1027 1875 1039 1926 1
1054 1875 1087 1922 ut
1098 1869 1217 1938 ipsesect',

162 1937 243 1991 Stelle
256 1938 415 2002 quod-scine
426 1937 573 2005 Epexegese
586 1939 665 1991 durch
717 1939 787 1991 idem
805 1940 854 1989 titt
879 1955 969 1990 censeo
992 1938 1162 2001 faciendum:
1182 1954 1216 1990 no

156 2009 189 2057 ab
199 2006 246 2057 ille
258 2022 343 2056 meatm
355 2007 489 2070 (cremara)
500 2006 589 2060 erhilt.
608 2005 665 2073 Vgl.
717 2007 787 2058 idem
805 2007 876 2058 nicht
893 2007 934 2058 lirr
951 2010 990 2058 sie
1002 2011 1104 2075 gesetzt
1117 2009 1152 2060 ist
1168 2022 1216 2060 son·

157 2090 181 2140 p.
195 2071 279 2134 Quint.
289 2073 396 2126 xxvtu.
410 2077 458 2126 87:
476 2073 616 2141 Reliquum
629 2080 667 2127 est
717 2074 779 2127 dern
797 2074 863 2126 ohne
887 2078 938 2140 eie,
961 2075 1032 2127 nicht
1053 2079 1095 2126 aie
1117 2075 1215 2128 sondern

156 2145 189 2193 ut
206 2157 265 2192 eum
282 2157 358 2194 nune
381 2142 483 2193 iudicio
508 2141 666 2203 defenderit.
715 2145 755 2194 eie
771 2143 841 2193 idem
859 2141 988 2195 bedentet.

158 2209 236 2276 Quod
247 2215 340 2261 contre
352 2209 397 2275 (lm
411 2209 563 2278 degenteil),
576 2213 665 2276 copio—
751 2210 933 2262 adulationem
950 2209 1107 2264 Kriecherei.

155 2280 257 2329 moieno
284 2277 421 2339 defemum
448 2295 502 2330 esse
533 2279 664 2332 contendi.
750 2281 871 2343 quamoa’s
888 2279 1032 2346 mogliclrst.

156 2333 282 2412 Ubrigens
295 2346 379 2398 haben
388 2346 436 2398 wir
447 2346 518 2399 nicht
529 2347 555 2398 in
568 2347 665 2398 delicto
749 2346 896 2397 notandum
914 2361 945 2399 zu
963 2346 1170 2413 kennzeiclrnen,
1189 2362 1215 2399 zu

156 2414 244 2466 dolere
261 2413 345 2479 allein,
364 2414 473 2467 sondern
491 2413 568 2467 durch
583 2431 597 2465 c
614 2415 665 2467 und
716 2413 908 2466 brandmerlsen.

154 2482 256 2548 ganoh
272 2482 307 2533 im
325 2480 519 2548 Parallelgliede
536 2481 666 2535 Allittera·
750 2481 1215 2548 leviumlrominumatquefallace'un

157 2550 220 2602 tion.
245 2548 304 2615 Vgl.
318 2550 377 2602 lior.
393 2549 438 2616 Ep.
448 2550 464 2602 l.
475 2552 500 2603 6.
510 2553 554 2604 31:
574 2551 666 2604 Virtu-
716 2549 798 2601 erhilt
806 2549 884 2602 durch
895 2549 966 2602 scine
976 2548 1095 2618 Stellung
1105 2551 1145 2604 die
1154 2549 1215 2602 lirnlt

156 2621 208 2669 teon
229 2620 309 2669 verda
327 2623 409 2684 putas
426 2621 453 2669 et
469 2618 558 2669 lucum
582 2618 664 2684 rnna,
716 2616 787 2669 einer
799 2617 1175 2686 molirierendendpposition:
1189 2632 1215 2669 zu

156 2684 198 2736 die
211 2684 318 2751 Tngend
336 2685 376 2738 loir
388 2684 460 2738 Tand
472 2686 524 2738 und
541 2685 589 2738 den
602 2686 665 2738 llain
714 2684 751 2737 lll.
764 2687 795 2738 12
805 2700 827 2737 n.
840 2684 867 2737 Ε.

156 2751 197 2806 ldr
213 2751 285 2805 Holz.
749 2753 786 2804 ed
792 2754 955 2805 voluntatem
964 2753 1028 2806 nach
1039 2744 1214 2807 dem‘lllunde’.

193 2819 270 2872 XXV.
289 2823 329 2873 91.
348 2824 374 2871 ee
389 2836 497 2872 monere
520 2826 546 2872 et
562 2825 666 2873 moneri
749 2823 789 2874 92.
808 2821 888 2886 idque
904 2820 1040 2872 adulterat
1050 2821 1104 2874 und
1116 2822 1214 2875 litlschel

156 2887 222 2952 (sich
232 2887 348 2938 erinnem
357 2888 451 2953 lescen)
461 2889 518 2941 sind
527 2889 567 2942 die
578 2888 665 2943 korre-
714 2887 798 2954 diese,
816 2889 926 2941 nimliclr
944 2888 984 2940 die
1003 2887 1150 2955 Walrrheit‚
1172 2889 1213 2940 wie

157 2953 666 3088 ttttlttttlttltttlttdtllll
713 2956 1214 3078 ttttttttltltlttttttttallel

157 3095 183 3142 et
200 3092 265 3142 lsaee
282 3091 436 3157 accipiendo
448 3089 538 3143 XXlV.
551 3093 583 3146 88
602 3093 663 3146 wie-
714 3091 772 3144 dem
781 3092 832 3144 viel
842 3083 1213 3161 stdrlrerentoltitniclrtgelren

157 3157 249 3211 deranl
266 3172 399 3211 enommen
413 3159 484 3211 wind.
518 3158 568 3212 llas
586 3160 662 3214 dritte
713 3160 766 3212 und
787 3175 829 3212 am
852 3161 994 3227 wenigsten
1018 3160 1117 3214 konnte
1140 3177 1167 3215 es
1187 3175 1214 3214 zu

155 3173 270 3346 ltd'mtlrff)
283 3225 345 3346 ¹gast
368 3227 425 3346 einve
442 3227 601 3348 lergitntaende
619 3228 665 3348 Ert
710 3227 912 3347 Jenemmmicttels
930 3228 975 3347 (iles
997 3229 1214 3350 steisserzndendet·

155 3309 280 3416 illle.
310 3310 366 3348 '¹²¹¹'
425 3309 459 3361 ⁸·
478 3311 514 3347 “²⁴
543 3301 598 3361 ‘'²“
616 3313 652 3349 ‘²¹‘
714 3297 924 3417 ttluttltl
940 3312 1051 3431 dliii}
1068 3311 1214 3434 lualid:

188 3433 228 3483 sie
244 3431 393 3482 tenendum
410 3435 449 3482 est
459 3431 552 3497 geltdrt
564 3446 663 3484 ansam·
748 3446 818 3482 unus
834 3449 869 3483 eae
881 3431 1007 3498 pluribus
1023 3432 1088 3485 xxl.
1108 3436 1149 3488 81.

154 3513 226 3560 men;
251 3498 318 3551 denn
335 3501 432 3550 tabem
449 3498 517 3551 knon
534 3499 589 3552 hier
606 3500 661 3552 sein
747 3515 819 3550 unus
835 3529 869 3538 -
886 3500 1019 3568 idemque:
1040 3502 1117 3566 Jenes
1140 3499 1215 3555 erhilt

154 3569 194 3618 eie
215 3581 245 3619 so
270 3567 355 3634 wenig
378 3567 531 3632 euthemon,
554 3567 593 3619 als
615 3566 662 3619 das
713 3567 801 3620 seinen
814 3566 955 3634 Gegensatz
973 3569 1000 3620 in
1016 3571 1119 3634 varius,
1136 3570 1214 3623 dieses

156 3633 278 3687 deutsche
292 3625 333 3686 ‘es
351 3649 380 3687 so
398 3626 494 3688 halten'
507 3626 662 3688 oder‘dnlrir
712 3635 739 3686 in
755 3636 954 3700 commutabilis,
973 3636 1061 3690 beiden
1074 3651 1215 3692 zusammen

155 3693 250 3755 lralten’
268 3703 324 3754 sein
341 3718 371 3755 so
389 3702 441 3755 und
466 3701 551 3755 daldr:
574 3701 602 3755 ΙΙ.
622 3705 662 3756 10.
712 3703 739 3755 in
756 3704 904 3770 multiplex.

155 3769 275 3838 llagessen
293 3771 328 3822 ist
345 3770 475 3837 dasjenige
492 3772 532 3821 eie
543 3770 605 3823 oder
622 3773 661 3822 ita
746 3773 788 3824 93.
804 3773 923 3835 molle
938 3771 1040 3838 haldos,
1058 3772 1164 3825 denium
1175 3786 1216 3826 nn·
1260 3764 1262 3777 '

155 3837 662 3973 tuille’eltltlttluttttla
712 3838 1076 3962 ttltltud‘tlltttb
1095 3841 1158 3896 ⁰⁶⁶¹
1174 3853 1216 3895 ⁸¹¹⁸
