2654 4612
206 270 245 330 26
669 271 812 326 tamtus.

207 445 421 507 sententiarum
437 462 548 506 summa
564 443 733 506 consensio.
764 443 865 522 ltaque
882 461 942 504 non
958 452 1018 503 tam
1033 442 1090 503 ista
1101 459 1155 502 me
1169 441 1274 520 sapien·

206 531 272 602 tiae,
295 547 382 608 quam
404 529 492 590 modo
515 529 647 591 Fannius
669 528 923 603 commemoravit,
952 529 1028 589 sama
1051 526 1195 599 delectat
1217 524 1276 586 falsa

206 615 388 695 praesertim,
412 633 500 694 quam
522 615 601 693 quod
618 613 760 675 amicitiae
776 624 894 676 nostrae
910 613 1082 674 memoriam
1097 629 1194 691 spero
1210 628 1276 672 sem

206 701 351 781 piternam
374 702 454 761 fore:
478 700 566 778 idque
590 718 624 761 eo
646 699 718 760 mihi
741 700 832 779 magis
854 708 898 760 est
919 698 1011 773 cordi,
1034 698 1116 776 quod
1134 695 1277 758 exomni

205 787 261 848 hus
282 786 407 848 saeculis
427 786 476 846 vin
498 785 553 845 tria
573 794 623 846 aut
641 794 782 863 quattuor
797 785 989 846 nominantur
1007 782 1089 863 paria
1105 783 1278 852 amicorum,

205 890 264 951 quo
293 871 324 932 in
355 888 464 950 genere
493 887 613 949 sperare
642 870 742 931 videor
771 869 919 950 Scipionis
949 878 978 929 et
997 867 1088 929 Laelii
1121 866 1278 928 amicitiam

156 965 184 1015 16
205 966 306 1018 notam
329 956 494 1036 posteritati
516 956 589 1015 iore.
634 954 768 1016 Firmos.
791 955 870 1016 lstuc
893 954 1021 1033 quidem,
1046 953 1145 1028 Laeli,
1169 953 1212 1014 ita
1235 969 1278 1012 ne

205 1061 287 1104 cesse
310 1050 363 1104 est.
408 1039 466 1101 Sed
489 1040 630 1118 quoniam
652 1040 795 1102 amicitiae
816 1040 999 1101 mentionem
1019 1038 1116 1100 fecisti
1133 1047 1167 1099 et
1183 1055 1278 1099 summ

206 1128 304 1201 otiosi,
335 1135 507 1206 pergratum
535 1125 605 1187 mihi
633 1126 738 1187 feceris
755 1144 900 1205 -spero
930 1125 1001 1186 item
1032 1122 1279 1184 Scaevolae—si

205 1230 292 1291 quem
316 1210 494 1271 admodum
517 1211 594 1272 soles
615 1211 651 1272 de
674 1211 779 1272 ceteris
801 1211 900 1285 rebus,
924 1228 991 1271 cum
1014 1228 1049 1270 ex
1071 1219 1101 1269 te
1118 1208 1278 1288 quaeritm,

205 1298 247 1358 sic
263 1296 299 1357 de
314 1296 440 1357 amicitia
455 1295 628 1375 disputaris:
652 1297 721 1374 quid
738 1297 857 1371 sentias,
881 1296 997 1374 qualem
1013 1294 1183 1369 existimes,
1212 1310 1279 1372 quae

204 1389 361 1461 praecepta
388 1381 448 1443 des.
494 1383 652 1442 Scnnvom.
697 1380 768 1442 Mihi
796 1400 866 1442 vero
889 1381 946 1441 erit
967 1388 1093 1460 gratum.
1141 1377 1279 1459 Atqucid

205 1466 303 1545 ipsum
326 1486 393 1528 cum
416 1475 512 1528 tecum
538 1485 625 1546 agere
649 1485 788 1542 conarer,
817 1466 949 1528 Fannius
971 1464 1141 1526 antevortit.
1190 1465 1279 1536 Quam

206 1551 243 1612 oh
266 1570 328 1614 rem
352 1553 469 1631 utrique
492 1562 627 1614 nostrum
650 1559 765 1630 gratum
787 1552 943 1613 admodum
966 1550 1080 1612 feceris.

154 1641 183 1692 1r
288 1637 321 1698 V.
365 1637 559 1699 Lnnnrns.
603 1637 666 1716 Ego
688 1655 759 1698 vero
790 1655 851 1698 non
882 1654 1036 1716 gravarer,
1067 1634 1091 1696 si
1114 1634 1192 1696 mihi
1223 1634 1280 1714 ipse

205 1722 402 1797 confiderem;
432 1741 500 1783 nam
523 1732 553 1784 et
574 1722 724 1802 praeclara
753 1741 800 1784 res
823 1731 882 1797 est,
909 1729 938 1783 et
966 1739 1130 1782 sumus-
1153 1728 1191 1780 ut
1215 1718 1280 1780 dixit

204 1806 392 1868 Fannius-
410 1807 505 1870 otiosi.
551 1807 608 1869 Sed
642 1808 708 1886 quis
738 1826 793 1887 ego
821 1825 903 1880 sum,
934 1815 985 1867 aut
1013 1823 1088 1885 quae
1111 1813 1159 1866 cst
1182 1805 1215 1866 in
1239 1821 1280 1864 mc

204 1889 349 1953 facultas?
386 1892 547 1954 Doctorum
570 1900 616 1953 est
637 1893 691 1953 ista
714 1893 897 1954 consuetudo
919 1909 1012 1970 eaque
1032 1890 1231 1965 Graecorum,
1252 1896 1280 1949 ut

203 2041 273 2091 idem
296 2041 360 2092 valle
381 2045 461 2108 atque
483 2041 553 2092 idem
576 2041 660 2106 nolte,
682 2058 714 2093 ea
765 2042 854 2094 selben
872 2042 919 2093 Art
936 2041 971 2093 ist
987 2041 1221 2108 gegendherstellt.

206 2109 309 2159 doraum
326 2109 406 2172 timna
423 2113 543 2160 amicitia
559 2113 606 2161 eet.
800 2110 832 2161 dc
849 2113 969 2161 amicitia
988 2110 1135 2176 dimotum
1147 2109 1224 2173 gicht
1235 2107 1280 2160 deu

237 2193 315 2243 spero
327 2176 413 2229 hoffen
425 2177 487 2230 dart.
512 2177 546 2230 So
558 2177 714 2229 namentlich
765 2177 856 2245 inhalt,
874 2179 940 2244 quid
955 2181 1055 2228 rendae
1072 2183 1113 2229 etc
1130 2175 1175 2228 die
1193 2176 1279 2242 Dispc

204 2245 297 2312 (gleich
316 2246 436 2311 nachher)
453 2247 479 2298 in
500 2245 545 2298 der
568 2246 714 2312 gangharen
766 2245 843 2297 sitien
856 2245 1053 2364 desVortrages:
1073 2244 1130 2297 dem
1145 2246 1216 2311 quid
1227 2260 1280 2296 scn-

203 2312 370 2380 Verhindung
387 2330 496 2380 sperare
512 2315 612 2365 videor.
766 2316 821 2366 tiae
838 2314 979 2381 entspricht
1015 2313 1106 2366 ,lvon
1120 2312 1279 2376 demWerte‚

239 2386 294 2433 tria
311 2387 360 2433 aut
377 2388 516 2449 quattuor:
534 2383 649 2435 Theseus
662 2381 715 2434 und
767 2381 824 2434 dem
834 2384 938 2449 qualem
948 2384 1083 2432 cristianae
1091 2381 1122 2433 Τ.
1130 2380 1152 2432 ll
1163 2396 1216 2432 von
1225 2380 1279 2432 dem

204 2448 345 2515 Pirithous,
375 2450 477 2504 Orestes
510 2451 562 2503 und
592 2449 714 2518 Pylades,
764 2446 1279 2517 Wesen,demquaopraeeaptauesum

203 2517 317 2570 Achilles
328 2518 381 2570 und
393 2518 538 2582 Patroklus,
552 2535 584 2571 zu
597 2519 713 2571 welchen
765 2534 816 2570 ron
835 2518 884 2570 den
896 2518 994 2585 Regeln
1012 2517 1057 2569 der
1068 2517 1264 2570 Freundschath

204 2599 250 2637 aus
268 2586 312 2639 der
329 2587 498 2640 historischen
516 2587 572 2640 Zeit
588 2588 656 2640 noch
666 2586 715 2638 Da·
799 2590 852 2637 erit
871 2592 982 2651 gratum
1006 2585 1091 2638 macht
1118 2591 1209 2638 znerst
1234 2585 1277 2638 den

203 2667 263 2706 mon
280 2654 332 2707 und
350 2653 464 2708 Phintias
482 2655 689 2708 hinzukommen.
765 2653 901 2719 hinorum,
918 2654 984 2707 nach
996 2653 1054 2706 dem
1061 2659 1228 2720 pergratum
1243 2652 1277 2715 te

238 2739 290 2786 quo
307 2726 337 2772 in
352 2738 450 2788 genere
467 2723 528 2788 (und
540 2723 668 2789 darunter)
680 2752 715 2762 -
766 2726 833 2774 ceris
850 2722 896 2775 des
913 2721 1037 2787 Fannius,
1060 2722 1099 2774 als
1118 2722 1152 2773 oh
1172 2719 1277 2774 Scivoh

203 2787 271 2851 sore.
311 2789 490 2842 Bestimmtere
513 2790 714 2857 Wiederholung
766 2790 815 2842 den
824 2791 939 2843 Wunsch
957 2790 1041 2842 dieses
1055 2791 1127 2842 nicht
1138 2805 1170 2842 so
1184 2787 1276 2842 lehhait

205 2855 250 2907 des
276 2855 522 2922 Hauptgedankens‚
550 2859 589 2910 ssu
615 2858 714 2910 welche
765 2859 850 2926 hegte.
874 2859 943 2910 dher
954 2858 1034 2911 durch
1045 2859 1134 2924 Atque
1150 2859 1276 2924 idipsum

203 2938 262 2974 man
285 2922 335 2975 den
356 2924 443 2976 Grund
466 2926 579 2992 weniger
595 2926 621 2978 in
645 2927 715 2978 einer
765 2928 869 2979 werden
894 2928 941 2978 wir
959 2928 1029 2979 eines
1053 2927 1149 2979 endem
1174 2926 1276 2979 helehrt

203 2991 348 3057 Lissigkeit
360 2991 404 3044 des
417 2992 562 3060 Redenden,
580 2994 619 3045 als
630 2994 656 3045 in
670 2994 714 3045 der
766 2995 801 3049 So
811 2995 876 3047 wird
889 2995 1006 3047 dasselhe
1018 2995 1127 3047 erreicht
1136 2994 1189 3046 wie
1201 2992 1277 3046 durch

206 3058 651 3125 WichtigkeitderSacheznsuchen
662 3062 713 3114 het
765 3064 807 3116 ein
821 3069 982 3130 pergratum
999 3066 1065 3128 erit,
1089 3062 1143 3116 und
1160 3062 1204 3115 die
1221 3062 1276 3114 Ein-

239 3129 279 3180 16.
297 3130 364 3178 mihi
380 3129 425 3180 hat
442 3144 471 3180 ao
484 3128 571 3195 wenig
587 3129 636 3182 den
649 3128 713 3195 Tou,
765 3131 893 3199 thnigkeit
910 3131 1064 3184 vermieden.

204 3195 242 3248 als
267 3196 328 3248 Gato
346 3195 379 3248 Μ.
398 3197 425 3250 ll.
444 3201 460 3251 6
477 3198 504 3249 in
527 3201 713 3263 gratissimum
798 3201 887 3266 Atque
897 3201 928 3252 id
938 3204 1025 3267 ipsum
1040 3198 1071 3251 Ja
1084 3199 1180 3266 genade
1193 3198 1276 3251 darunt

203 3267 280 3316 nodie
301 3293 335 3302 —
358 3271 391 3317 ut
412 3270 493 3319 etiam
513 3283 566 3333 pro
590 3267 714 3334 Sannione
764 3268 845 3321 wollt'
864 3269 906 3320 ich
924 3269 983 3320 dich
1007 3268 1100 3319 bitten:
1127 3283 1210 3334 agere
1228 3266 1246 3318 1.
1255 3267 1276 3318 4.

200 3332 478 3400 pollicear-seceris
495 3334 539 3387 der
551 3335 624 3387 Dativ
637 3338 714 3388 nobis
799 3337 941 3388 admodum
959 3336 1050 3403 gehdrt
1067 3335 1139 3387 nicht
1160 3333 1231 3388 hlois
1248 3344 1277 3385 att

203 3401 252 3454 den
267 3400 324 3454 Ton
342 3403 393 3456 hat.
428 3404 476 3456 Ein
494 3404 714 3471 gegensitzlichee
762 3411 885 3471 gratum,
909 3406 959 3457 wie
978 3410 1045 3457 etwa
1063 3403 1081 3455 l.
1100 3405 1167 3455 2211
1189 3403 1276 3470 pauci

201 3473 275 3535 mihi,
285 3471 310 3522 in
317 3470 373 3524 dem
381 3471 459 3525 Sinne
465 3475 590 3525 vonmihi
599 3474 713 3538 quidem,
765 3471 874 3525 sondern
887 3489 917 3526 zu
928 3473 986 3525 dem
997 3475 1277 3539 zusammengeeetnten

202 3541 271 3592 wire
289 3540 353 3592 auch
372 3541 513 3608 ungehdrig
533 3540 586 3592 und
608 3541 713 3593 takt10s.
764 3540 876 3607 Begriffe
891 3546 1003 3605 gratum
1019 3540 1118 3602 facere.
1160 3539 1196 3592 So
1216 3535 1278 3590 uird

237 3608 713 3675 dacetericreoceProlepsis,wielI.6
764 3623 793 3661 es
803 3608 896 3676 gerade
909 3609 989 3661 durch
1004 3609 1074 3661 aeine
1087 3607 1208 3690 Steilung
1223 3621 1277 3659 zum

196 3676 588 3812 ‹htt'ssttttttttdht
607 3677 715 3798 ‘etit
763 3675 1278 3798 ittttttdttttttttthtttt

202 3810 267 3864 lieht
284 3828 311 3865 es
329 3813 378 3865 den
395 3813 538 3881 Gegensetz
555 3815 714 3867 bestimmten
798 3811 829 3865 V.
849 3817 889 3866 tr.
904 3815 1048 3881 praeclara
1065 3818 1105 3864 eet
1116 3813 1170 3866 und
1188 3826 1279 3865 eremus

201 3895 234 3931 zu
252 3878 345 3947 iassen,
362 3881 446 3934 indem
460 3897 488 3934 er
502 3882 572 3934 nicht
590 3881 657 3934 blois
670 3895 715 3932 an·
766 3884 847 3933 otiosi
864 3881 1010 3935 chiastisch.

201 3947 283 4014 denes,
296 3948 714 4003 sondernnllesanderewasder-
799 3950 953 4003 Dnctoncm.
1002 3948 1079 4002 Nicht
1104 3949 1200 4003 Lehrer
1227 3950 1281 4018 (der
