2654 4612
160 271 201 331 70
621 270 763 325 uerutus

161 454 354 524 naturamque
386 444 489 506 mundi
521 454 550 506 et
579 444 829 525 pulchritudinem
860 445 992 508 siderum
1023 445 1221 526 perspexisset

160 531 309 593 insuavem
320 530 399 592 illam
411 530 632 591 admirationem
646 531 673 591 ei
685 532 758 592 fore.
792 530 875 602 Quae
889 530 1111 592 Iucundissima
1127 532 1221 604 fuisset

160 617 185 678 si
200 615 326 694 aliquem
347 616 395 677 cui
416 624 548 677 narraret
569 614 729 677 habuisset.
772 615 821 676 Sic
843 624 948 677 natura
970 615 1143 678 solitarium
1166 615 1222 676 nbi

161 711 252 776 amat,
280 719 455 781 semperque
477 700 513 761 ad
535 701 653 780 aliquod
675 710 816 780 tanquam
838 700 1053 762 adminiculum
1079 700 1221 762 adnititur:

159 786 238 866 quod
260 786 290 847 in
314 785 487 848 amicissimo
509 804 628 865 quoque
650 786 851 848 dulcissimum
874 794 927 847 est.

242 870 343 931 XXIV.
380 870 437 932 Sed
468 889 536 932 oum
564 880 609 932 tot
637 871 729 951 signis
757 871 857 932 eadem
881 879 986 932 natura
1008 870 1145 933 declaret
1166 872 1221 950 qnid

158 956 228 1017 velit
243 956 381 1035 anquirat
395 955 555 1030 desideret3
570 965 667 1017 tamen
684 955 924 1018 obsurdescimus
938 956 1041 1018 nescio
1059 975 1124 1036 quo
1139 956 1220 1030 modo

159 1060 216 1103 nec
246 1059 279 1102 ea
308 1059 384 1119 quae
413 1040 450 1100 ab
478 1059 512 1102 ea
540 1059 699 1103 monemur
719 1041 862 1102 audimus.
906 1040 958 1102 Est
980 1041 1064 1102 enim
1088 1043 1185 1104 rarius
1202 1051 1222 1103 et

159 1125 312 1205 multiplex
328 1143 399 1186 usus
413 1125 566 1199 amicitiae,
588 1126 757 1205 multaeque
780 1143 884 1187 causae
906 1126 1116 1205 suspicionum
1140 1127 1221 1189 olien-

159 1212 337 1289 sionumque
359 1209 481 1272 dantur:
509 1229 582 1289 quas
603 1220 666 1272 tum
689 1211 805 1284 evitare,
833 1219 897 1272 tum
920 1209 1044 1285 elevare,
1069 1221 1136 1273 tum
1158 1213 1221 1272 terre

159 1295 303 1374 sapientis
324 1303 377 1356 est.
420 1295 485 1357 Una
508 1296 555 1357 illa
577 1296 755 1358 sublevanda
778 1296 902 1357 offensio
924 1303 984 1369 est,
1014 1306 1049 1358 ut
1073 1305 1104 1358 ot
1127 1297 1220 1358 utilitas

161 1380 192 1441 in
222 1380 347 1441 amicitia
376 1389 405 1441 et
426 1380 500 1443 fides
522 1381 699 1443 retineatur:
729 1399 797 1442 nam
820 1389 849 1441 et
869 1381 1012 1442 monendi
1034 1383 1126 1444 amici
1148 1400 1220 1463 saepe

160 1474 230 1526 sunt
258 1474 287 1526 et
315 1465 504 1544 obiurgandi,
532 1475 562 1527 et
588 1467 661 1527 baec
689 1466 858 1546 accipienda
880 1466 972 1527 amice
996 1484 1066 1528 cum
1091 1467 1220 1529 benevole

107 1558 136 1611 89
156 1551 242 1612 liunt.
286 1551 343 1613 Sed
359 1551 459 1612 nescio
473 1570 534 1630 quo
548 1552 645 1625 modo,
668 1569 770 1612 verum
785 1561 830 1612 est
851 1551 930 1629 quod
953 1551 984 1611 in
1008 1551 1125 1614 Andria
1149 1551 1218 1614 farni-

161 1635 240 1698 liaris
261 1654 345 1696 meus
365 1635 449 1697 dicit:

245 1719 416 1800 Obsequium
437 1723 551 1792 amicos,
572 1722 679 1783 ueritas
699 1720 797 1783 odium
815 1725 905 1801 parit.

158 1853 186 1887 ee
199 1851 285 1901 porro
300 1851 399 1902 pueros
410 1853 427 1887 a
439 1839 544 1887 senilem
560 1837 666 1888 cuddae
716 1830 1217 1908 letdaher(wIehiufigyoipnachrca'dtl

159 1904 289 1955 dicebant.
718 1902 849 1957 entweder
866 1897 1094 1957 durch‘nimlich’
1112 1905 1173 1958 oder
1183 1920 1218 1972 gar

193 1971 430 2022 illamaillarnn
446 1987 550 2023 rerum:
568 1972 585 2023 1.
596 1974 619 2025 3.
716 1971 787 2024 nicht
804 1987 835 2024 zu
849 1972 1007 2024 ubersetzen
1042 1973 1074 2026 N.
1085 1973 1153 2028 nu
1163 1975 1219 2027 uti

194 2039 268 2103 Quae
276 2039 468 2090 iucundissima
477 2039 666 2097 suimetWorte
716 2039 795 2104 Quod
805 2041 911 2106 quidem
924 2040 1063 2092 Cleanthes
1079 2031 1218 2092 οἰίοιιιἋίο1

160 2105 205 2158 des
223 2107 315 2159 bilius.
345 2106 474 2159 Gehdrteu
492 2107 530 2159 sie
547 2107 614 2159 noch
632 2123 664 2159 an
717 2111 884 2173 argumentis
895 2108 978 2173 docet,
996 2115 1101 2175 quanta
1113 2113 1154 2161 oie
1165 2112 1219 2160 imit

159 2174 217 2226 dem
234 2175 398 2240 Anssprnche
416 2174 461 2227 des
478 2175 617 2243 Archytas,
636 2190 666 2227 so
718 2176 816 2226 caloris
839 2178 870 2226 in
891 2178 965 2227 omni
990 2193 1123 2244 corpore5
1149 2181 1219 2243 nego

160 2243 249 2295 werde
266 2245 342 2295 illam
352 2244 558 2295 admirationem
576 2243 667 2296 anderu
714 2236 806 2294 ‘enim'
819 2248 867 2296 etc.
901 2243 951 2296 Iler
967 2245 1074 2297 Anstols
1087 2247 1169 2298 selbst
1184 2246 1218 2296 be

160 2311 264 2378 gestellt
281 2313 350 2375 selu,
373 2311 425 2364 nnd
447 2311 487 2364 tur
503 2311 601 2374 tumeat
616 2311 668 2365 und
719 2311 788 2364 stebt
797 2310 876 2376 darin,
888 2327 939 2364 von
951 2311 996 2363 der
1005 2313 1081 2365 elnen
1092 2313 1163 2366 Seite
1173 2311 1217 2365 dab

160 2382 301 2444 detumeat,
310 2395 365 2432 uas
374 2380 446 2432 nicht
454 2396 485 2433 au
493 2379 555 2442 tore
563 2381 668 2445 stiunt,
720 2379 762 2431 dle
774 2378 908 2431 Wabrheit
920 2379 990 2431 nicht
1002 2386 1105 2447 gesagt
1122 2398 1172 2433 ron
1183 2380 1217 2432 der

159 2449 254 2500 mdiste
272 2449 313 2500 ein
325 2448 432 2501 anderes
444 2447 556 2516 Tempus
569 2452 668 2516 gesetzt
720 2446 814 2500 andern
831 2447 888 2499 dats
906 2447 944 2500 sie
958 2448 1019 2500 ribei
1032 2448 1217 2516 autgenomnnn

160 2516 223 2568 sein,
720 2514 800 2566 wird:
818 2519 881 2567 statt
899 2515 986 2567 diesen
1006 2531 1038 2568 an
1057 2533 1167 2583 nennen,
1183 2517 1217 2568 bat

194 2582 588 2650 adnititurdriangtimmernacb
598 2584 668 2635 einer
719 2583 806 2635 Cicero
817 2583 1003 2648 gleIchdIeans
1012 2584 1058 2636 der
1066 2585 1217 2636 moderanda

161 2650 315 2704 StutzehIn:
325 2650 429 2704 wieder
439 2651 668 2715 Weinstoclr‚aitis
720 2651 830 2714 offensio
842 2651 897 2703 sich
910 2652 1055 2719 engebende
1067 2651 1163 2706 Pflicht
1173 2652 1218 2704 bin·

161 2736 229 2786 quae
249 2724 352 2771 natura
376 2720 478 2772 caduca
495 2725 546 2782 eet,
570 2725 596 2771 et
613 2722 668 2771 nem
717 2719 830 2786 gestellt

161 2785 234 2848 fulta
250 2792 289 2838 aet
305 2787 343 2838 ad
358 2792 459 2839 terram
470 2787 567 2850 fertur.
603 2788 666 2840 Galo
752 2787 909 2838 etnronendi
915 2793 941 2838 et
947 2789 1120 2853 obiurgandi,
1133 2793 1159 2838 et
1165 2789 1217 2838 liam

160 2853 195 2905 Id.
205 2852 259 2906 XV.
272 2857 312 2906 52.
718 2855 799 2919 (diese
811 2854 1000 2921 lirinnernngen
1019 2855 1071 2907 und
1085 2855 1216 2916 Vorwt'nle)

194 2919 283 2972 IIIIIV.
301 2936 366 2971 neue
382 2919 427 2973 der
443 2920 566 2975 Verlrehr.
719 2923 876 2989 accipienda
888 2926 980 2975 amice.
1008 2922 1086 2976 Nicbt
1105 2923 1217 2977 daserste

196 2989 297 3040 dantur
313 2988 400 3040 bieten
412 2989 466 3041 sicb
478 2988 531 3053 dar,
548 2989 668 3043 kommen
719 2990 771 3042 und
789 2991 882 3042 aweite
899 2996 938 3053 at,
960 2991 1071 3043 sondern
1097 2991 1144 3045 das
1161 2995 1217 3044 erste
1241 3048 1244 3054 Ι

162 3073 221 3109 ror:
234 3073 301 3122 quaa
312 3055 390 3108 molle
401 3058 540 3109 mannicht
552 3057 598 3109 aul
608 3074 670 3110 cau·
719 3058 771 3110 und
789 3058 865 3111 dritte
882 3058 1119 3124 horrespondieren.

161 3142 207 3177 eae
224 3125 356 3177 beziehen.
755 3128 795 3179 89.
812 3130 903 3178 nmaio
923 3143 975 3192 qno
997 3128 1077 3179 modo
1093 3153 1124 3174 ε
1141 3128 1218 3178 nescir

196 3196 299 3245 euitare
316 3191 475 3257 vermeiden,
494 3193 596 3244 elevare
613 3207 669 3244 ver·
720 3210 772 3259 quo
786 3201 868 3261 pacto
885 3195 903 3246 1.
917 3198 940 3257 4,
959 3195 1014 3247 hier
1031 3195 1085 3247 und
1102 3212 1160 3248 zum
1176 3195 1220 3245 An·

161 3262 289 3314 mindern:
307 3261 359 3328 vgl.
378 3261 516 3327 depressam
528 3265 554 3312 et
570 3260 670 3312 demer-
720 3261 797 3326 ianqe
814 3262 860 3315 des
872 3262 935 3330 Ilap.
948 3262 1006 3314 dem
1024 3255 1221 3316 deutschen‘lei-

161 3346 206 3382 eus
223 3329 455 3396 (niederqeawingt
474 3329 524 3382 und
538 3326 670 3394 niederge·
720 3327 773 3382 der'
790 3330 931 3383 seruandi.

162 3398 247 3464 senlst)
265 3399 328 3451 Cato
336 3397 369 3450 hl.
382 3397 448 3450 xxl.
462 3401 503 3462 ll,
521 3398 669 3462 duroman
754 3397 900 3460 familiaris
922 3415 995 3449 eneam
1019 3397 1064 3451 der
1082 3398 1163 3452 durch
1180 3398 1223 3450 den

163 3473 189 3518 et
199 3467 340 3518 discernam
352 3464 487 3530 (Sabeiden
500 3464 550 3518 und
559 3463 670 3530 bleiden)
720 3465 818 3518 Namen
836 3466 881 3518 des
893 3465 1003 3519 Stnckes
1015 3467 1175 3535 hinlingIIch
1186 3468 1224 3518 be

163 3535 225 3588 Cato
243 3534 276 3587 hl.
294 3533 378 3586 XXIII.
397 3536 438 3587 85.
720 3534 852 3586 zeichnete
874 3533 903 3587 P.
921 3534 1057 3587 Terentius
1074 3535 1151 3597 Ater,
1173 3534 1224 3601 geb.

196 3603 358 3654 sublevanda
370 3601 424 3654 Nur
434 3601 480 3653 der
495 3601 552 3653 eine
563 3600 670 3652 Anstois
720 3617 751 3654 an
776 3601 904 3669 Karthago
929 3606 985 3666 193,
1010 3608 1076 3668 gest
1099 3604 1147 3655 aul
1161 3605 1226 3655 einer

162 3673 230 3724 muts
242 3671 349 3723 leicbter
360 3669 486 3735 gemacht,
498 3667 564 3720 mnis
575 3682 605 3719 so
617 3669 669 3721 vlel
722 3673 770 3724 159
788 3675 970 3736 angetretenen
989 3670 1064 3722 Reise
1083 3673 1150 3724 nach
1162 3671 1228 3724 (Irie-

164 3740 203 3791 als
220 3738 333 3806 moglieh
350 3737 471 3803 beseitiqt
488 3735 599 3789 werden.
638 3737 671 3790 ut
720 3738 857 3790 chenland:
882 3742 959 3790 cuiue
979 3737 1096 3800 tabellae
1117 3745 1228 3806 propter

163 3806 312 3860 bezelehnet
336 3805 385 3857 den
403 3803 498 3857 ereclr
521 3804 566 3856 der
582 3803 669 3857 Besei·
719 3806 879 3871 elegantiam
907 3809 1037 3858 emmonis
1062 3810 1231 3872 putabantur

163 3873 262 3942 tignus,
271 3890 334 3926 nam
342 3872 413 3939 giebt
421 3871 463 3925 die
472 3871 614 3940 Erklirung
622 3873 668 3926 des
720 3891 736 3925 a
760 3875 897 3926 abactio
920 3877 1009 3926 soriti.
1049 3875 1090 3927 Ad
1108 3877 1162 3929 Att.
1179 3874 1231 3928 Vll.

164 3941 209 3994 aui
219 3940 265 3995 das
277 3939 396 4008 lolgende
407 3939 599 3994 hiuueisenden
611 3942 668 4007 illa,
718 3943 745 3994 3.
759 3945 799 3996 10.
