2648 4606
522 273 665 328 LAELlUS.
1087 276 1128 336 53

26 526 32 531 ,
58 447 182 511 modum
204 448 236 509 in
259 466 291 510 se
313 446 440 527 quisque
461 447 509 522 sit,
531 447 573 508 sic
593 446 625 508 in
641 447 767 508 amicum
782 447 821 508 sit
834 447 989 512 animatus.
1033 450 1128 522 Quam

10 541 20 579 :·
57 533 152 596 rnnlta
182 533 279 609 enim,
308 551 382 612 quae
405 541 506 596 nostra
527 550 615 594 causa
636 551 790 612 nunquam
810 534 984 609 faceremus,
1006 536 1128 599 tacimus

10 626 36 663 :·
57 619 246 683 amicorumz.
269 618 386 698 precari
408 619 444 679 ab
472 617 611 697 indigno,
638 617 822 698 supplicare;
848 626 911 680 tum
933 620 1069 684 acerbius
1095 622 1127 684 in

10 744 13 751 ·
54 705 190 785 aliquem
204 703 312 779 invehi,
327 703 526 782 insectarique
539 703 755 765 vehementius:
778 722 853 783 qnae
868 705 899 766 in
915 707 1025 768 nostris
1039 707 1128 770 rebus

10 798 15 805 '
54 809 123 852 non
150 790 219 852 satis
246 790 389 863 honeste,
412 789 442 850 in
466 789 629 850 amicorum
650 789 726 849 fiunt
746 789 961 852 honestissime.
1004 791 1127 854 Multae-

10 886 14 923 ῑ
54 895 120 956 que
149 894 197 938 res
222 874 350 937 suntin
378 875 487 954 quihus
514 875 551 935 de
578 874 640 936 suis
668 874 830 936 commodis
858 876 912 937 viri
939 876 1010 938 honi
1035 878 1128 939 multa

17 984 28 1009 ι
55 961 221 1023 detrahunt
242 959 415 1039 detrahique
437 959 603 1040 patiuntur,
631 968 664 1020 ut
686 959 828 1021 iis=amici
849 961 947 1041 potius
969 980 1057 1041 quam
1072 963 1127 1043 ipsi

10 1054 23 1096 ἰ·
54 1048 206 1109 fruantur.
249 1045 347 1107 Altera
375 1045 522 1108 sententia
550 1054 610 1119 est,
640 1063 715 1124 quae
745 1044 848 1107 definit
869 1046 1026 1108 amicitiam
1046 1049 1127 1128 pari·
1148 1059 1177 1110 58

10 1134 25 1181 ἶ·
54 1132 116 1195 bns
139 1131 245 1193 officiis
266 1149 300 1192 ac
321 1130 530 1193 voluntatibus.
575 1130 638 1191 an
660 1130 779 1209 quidem
801 1138 846 1192 est
868 1130 956 1193 nimis
977 1133 1081 1212 exigue
1096 1141 1127 1195 et

10 1232 12 1237 '
55 1217 174 1280 exiliter
194 1217 231 1278 ad
253 1216 380 1278 calculos
400 1234 506 1278 vocare
527 1215 692 1290 amicitiam,
715 1223 748 1276 ut
769 1234 823 1296 par
844 1216 881 1277 sit
901 1217 976 1279 ratio
990 1226 1127 1300 accepto·

55 1321 126 1364 rum
160 1309 191 1363 et
223 1302 367 1363 datorum.
411 1301 532 1363 Divitior
564 1301 635 1362 mihi
668 1307 699 1361 et
723 1301 893 1362 affluentior
919 1302 1036 1366 videtur
1062 1323 1126 1366 esse

45 1406 127 1469 ,vera
157 1387 298 1461 amicitia,
325 1406 381 1448 nec
409 1388 564 1449 ohservare
592 1386 727 1448 restricte
755 1405 793 1447 ne
815 1386 882 1466 plus
909 1388 1011 1450 reddat
1039 1408 1126 1469 quarn

55 1473 217 1554 acceperit.
253 1473 470 1552 Neque-enim
498 1472 661 1533 verendum
691 1480 735 1533 est
761 1490 799 1533 ne
825 1472 897 1551 quid
919 1474 1048 1551 excidat,
1076 1484 1127 1537 aut

56 1579 98 1622 ne
127 1558 197 1638 quid
227 1558 258 1619 in
286 1566 394 1619 terram
422 1558 543 1630 defluat,
571 1564 622 1618 aut
643 1575 681 1617 ne
703 1556 769 1636 pius
790 1575 885 1636 aequo
908 1558 978 1637 quid
999 1559 1030 1620 in
1053 1561 1125 1622 ami-

10 1664 13 1670 ·
56 1645 157 1706 citiam
178 1652 364 1723 congeratur.
408 1644 524 1705 Tertius
542 1661 612 1703 vero
627 1641 675 1703 ille
690 1642 758 1703 finis
772 1641 955 1719 deterrimus,
979 1654 1012 1707 ut
1025 1646 1128 1725 quanti
1148 1657 1177 1708 59

56 1729 186 1810 quisque
214 1747 246 1791 se
274 1729 336 1809 ipse
362 1728 463 1804 faciat,
492 1728 566 1788 tanti
593 1729 644 1789 fiat
664 1727 700 1788 ah
722 1726 832 1789 amicis.
876 1730 969 1809 Saepe
992 1730 1125 1793 enimin

56 1813 234 1894 quibusdam
262 1822 312 1876 aut
338 1815 454 1876 animus
484 1813 624 1876 abiectior
652 1821 710 1887 est,
740 1821 791 1874 aut
816 1832 884 1893 spes
905 1815 1126 1896 amplificandae

56 1901 198 1962 fortuma
224 1899 354 1962 fractior.
399 1901 465 1961 Non
495 1907 540 1961 est
567 1898 658 1980 igitur
685 1897 771 1959 amici
798 1898 886 1960 talem
908 1918 971 1962 esse
992 1901 1024 1962 in
1047 1921 1125 1977 eum,

57 1985 154 2066 qualis
175 1984 223 2046 ille
244 1985 275 2046 in
298 2004 330 2046 se
352 1992 412 2061 est;
441 1986 493 2048 sed
513 1984 611 2065 potius
632 1984 703 2045 eniti
725 1991 755 2045 et
773 1985 891 2046 efficere
915 1993 950 2047 ut
973 1989 1059 2049 amici
1082 1989 1125 2050 ia-

57 2081 176 2133 centem
197 2070 329 2132 animum
343 2071 459 2144 excitet,
481 2070 661 2150 inducatque
675 2088 759 2151 spem
774 2070 1042 2152 cogitationemque
1063 2093 1125 2136 me·

56 2157 172 2219 liorem.
216 2155 298 2218 Alius
313 2155 403 2236 igitur
424 2156 491 2218 finis
512 2152 598 2218 verae
620 2155 763 2218 amicitiae
786 2155 1010 2221 constituendus
1025 2167 1078 2236 est,
1100 2160 1124 2221 si

53 2323 126 2378 Rede
144 2324 190 2376 hat
206 2324 261 2376 sich
273 2324 321 2376 mit
332 2324 486 2377 natdrlicher
496 2324 564 2377 Frei-
616 2322 720 2376 hleinen
730 2321 947 2377 undhleinlichen
957 2322 1124 2394 Berechnung

54 2393 110 2446 heit
126 2391 219 2446 andere
237 2391 366 2461 gestaltet.
616 2391 794 2445 unterwerten.

87 2462 139 2512 itta
154 2463 244 2529 prima
255 2490 290 2500 -
300 2465 333 2512 att
349 2460 405 2514 dats
418 2452 564 2515 ‘naimlich':
648 2461 1068 2525 ratioaceoptorametdatorum
1078 2461 1124 2516 das

52 2529 148 2582 11114.
439 2553 442 2558 ·
615 2527 761 2581 Verhdltnis
778 2527 823 2580 der
835 2527 975 2582 Einnahme
992 2530 1046 2582 und
1056 2530 1122 2585 Aus-

53 2612 293 2720 mgamtq‘qasqaeggtic
308 2601 357 2663 m,
378 2596 489 2651 namhch
506 2613 564 2649 am·
615 2597 765 2729 gaggaidat,
783 2665 893 2731 dellaat,
911 2671 1072 2731 congeratur
1088 2666 1124 2720 ist

87 2737 237 2787 aencorum
255 2732 339 2787 denhe
357 2749 447 2797 oanan,
465 2734 563 2785 wesin
614 2749 675 2786 vom
684 2732 786 2785 hiessen
798 2733 843 2784 des
855 2731 986 2787 Getreides
999 2734 1124 2802 entlehnt,

52 2803 141 2856 vielen
152 2802 290 2868 Ansqaben
301 2803 398 2855 ebenso
410 2801 564 2868 dherflnssig
614 2801 666 2855 und
684 2800 726 2854 die
742 2800 926 2854 Freundschaft
943 2802 982 2854 als
1000 2801 1046 2854 das
1057 2802 1123 2857 nass

54 2872 92 2923 als
101 2870 321 2937 regelwidrigvor
330 2873 477 2923 amicornm
485 2869 563 2922 steht.
615 2873 723 2936 gesetzt.
763 2868 835 2922 Nach
861 2869 905 2922 der
927 2871 1123 2937 qewdhnlichen

52 2937 243 3008 tgnxltlho:
259 2939 562 3005 praeciditadtuanentt·
613 2939 746 2991 Annahme
772 2938 822 2991 soll
848 2942 870 2993 1.
896 2954 948 2992 von
974 2939 1121 3005 trocheum,

54 3024 104 3076 qao
122 3022 219 3071 caasa,
234 3023 290 3059 aaa
307 3008 502 3059 beneolentiae
518 3023 563 3058 ne·
615 3009 639 3060 2.
651 3023 703 3059 von
720 3007 853 3074 ssnsaigen,
870 3009 894 3061 3.
912 3023 964 3059 von
982 3008 1121 3062 trochenen

53 3092 104 3142 qao
128 3077 259 3128 caritatis.
293 3075 324 3128 N.
334 3075 363 3129 11.
372 3075 400 3130 ll.
411 3079 451 3129 14.
462 3078 508 3127 37:
532 3079 564 3126 ut
613 3075 713 3142 Dingen
725 3075 863 3141 gehendelt
874 3075 990 3139 werden;
1003 3077 1065 3129 aher
1076 3095 1122 3128 aa·

53 3145 134 3211 stipat
145 3159 227 3196 cauea
238 3144 417 3209 involuerum,
433 3145 562 3208 vaginem
612 3145 701 3196 eidero
718 3145 752 3195 ist
764 3144 810 3196 das
822 3141 981 3209 hllgemeine
994 3145 1120 3210 (verioren

53 3217 144 3265 naum
152 3212 251 3278 gladii,
262 3215 302 3263 etc
311 3218 421 3280 praeter
432 3212 561 3263 mundam
611 3212 712 3280 gehen),
718 3211 818 3265 woradi
822 3210 888 3262 dann
893 3215 975 3265 etwas
980 3211 1120 3280 Specielles

24 3336 27 3343 ,
52 3285 143 3333 catera
161 3283 251 3333 omnia
274 3283 390 3333 altorum
408 3297 489 3332 cauea
506 3297 559 3331 ease
612 3280 666 3345 (anf
687 3282 729 3333 die
746 3280 811 3332 Erde
834 3279 930 3345 lanfen)
954 3279 1000 3332 mit
1022 3280 1119 3332 seinem

48 3353 193 3416 generata.
219 3348 255 3401 De
264 3346 305 3401 Or.
314 3349 352 3401 111
362 3351 561 3404 38.155:verti
611 3349 769 3416 Gegensatze
787 3346 860 3413 tolgt.

51 3418 197 3470 translatio
231 3421 355 3470 instituta
386 3422 426 3468 eet
452 3419 561 3483 ineptae
642 3414 1119 3484 piasaequoqaideintnehralebillig.

52 3503 144 3550 cama,
161 3484 334 3552 frequentata
353 3486 542 3538 delectationis.
645 3489 686 3538 59.
704 3501 766 3536 nero
784 3499 836 3536 nun
854 3498 906 3549 gar,
924 3481 1050 3536 vollends.

85 3570 156 3621 qaae
172 3554 255 3620 (elles)
272 3552 353 3639 Dinqe
370 3554 419 3608 die.
646 3553 710 3616 fina's
727 3551 990 3618 Grenzbestimmnng.

84 3622 242 3689 Meliusque
266 3640 310 3674 ree
344 3621 402 3675 Und
427 3613 484 3675 so’:
511 3637 562 3688 qtae
647 3624 713 3673 eniti
735 3625 762 3672 et
783 3619 889 3683 efficere
911 3619 959 3672 mit
981 3618 1044 3672 aller
1066 3618 1118 3672 An-

52 3690 241 3744 absolvierend.
612 3693 752 3755 strengnng
769 3688 847 3741 dahin
865 3703 896 3740 zu
913 3686 1020 3741 wifhen.

85 3761 128 3814 58.
146 3759 242 3822 definit
258 3760 382 3826 abgrenzt
394 3758 480 3824 durch,
499 3757 522 3810 (1.
535 3758 561 3811 h.
646 3759 771 3809 inducere
795 3755 987 3808 heraufidhren:
1013 3757 1117 3810 bessere

50 3827 209 3882 hesehriinkt
230 3827 276 3879 ant
295 3827 350 3893 (das
374 3827 474 3894 gleiche
496 3825 561 3879 Meis
611 3824 773 3890 Hoffnnngen
795 3824 846 3877 und
864 3823 1001 3877 Gedanhen
1021 3825 1117 3892 gleich-

49 3895 323 3963 derDiensttertiglreit
334 3895 386 3948 und
394 3895 561 3962 Zoneigung).
612 3910 666 3947 sam
676 3893 809 3957 cestreton,
821 3892 1014 3946 sieerscheinen
1023 3896 1117 3949 tasson.

85 3968 187 4031 exigua
213 3971 239 4017 et
264 3965 372 4016 aniliter
397 3964 466 4017 einer
493 3964 561 4018 allzu
645 3977 723 4017 cerae
740 3964 874 4016 amicitiae
891 3961 1007 4017 Genetiv.
